%YAML 1.1
%TAG !u! tag:unity3d.com,2011:
--- !u!1 &792157366357967898
GameObject:
  m_ObjectHideFlags: 0
  m_CorrespondingSourceObject: {fileID: 0}
  m_PrefabInstance: {fileID: 0}
  m_PrefabAsset: {fileID: 0}
  serializedVersion: 6
  m_Component:
  - component: {fileID: 3170864220874900222}
  m_Layer: 0
  m_Name: Console_ShowCase
  m_TagString: Untagged
  m_Icon: {fileID: 0}
  m_NavMeshLayer: 0
  m_StaticEditorFlags: 0
  m_IsActive: 1
--- !u!4 &3170864220874900222
Transform:
  m_ObjectHideFlags: 0
  m_CorrespondingSourceObject: {fileID: 0}
  m_PrefabInstance: {fileID: 0}
  m_PrefabAsset: {fileID: 0}
  m_GameObject: {fileID: 792157366357967898}
  m_LocalRotation: {x: 0, y: 0, z: 0, w: 1}
  m_LocalPosition: {x: 0, y: 0, z: 0}
  m_LocalScale: {x: 1, y: 1, z: 1}
  m_Children:
  - {fileID: 3360388694606116292}
  - {fileID: 6437240857994292593}
  - {fileID: 5722577160841300774}
  - {fileID: 4078402661089203564}
  - {fileID: 6885042594354604583}
  - {fileID: 4019860691344603371}
  - {fileID: 3961784652209036451}
  - {fileID: 2951933707512672258}
  - {fileID: 2166575240048404404}
  - {fileID: 5768801764206458467}
  - {fileID: 4484893218099445005}
  - {fileID: 7002601916963710872}
  - {fileID: 3231617056399256724}
  - {fileID: 951794496913609661}
  - {fileID: 7690807598409234760}
  - {fileID: 860161360651144623}
  - {fileID: 8799014045034128882}
  m_Father: {fileID: 0}
  m_RootOrder: 0
  m_LocalEulerAnglesHint: {x: 0, y: 0, z: 0}
--- !u!1001 &774563542539465814
PrefabInstance:
  m_ObjectHideFlags: 0
  serializedVersion: 2
  m_Modification:
    m_TransformParent: {fileID: 3170864220874900222}
    m_Modifications:
    - target: {fileID: -8679921383154817045, guid: c0c487084572f05469be9d33a54a1b34, type: 3}
      propertyPath: m_RootOrder
      value: 13
      objectReference: {fileID: 0}
    - target: {fileID: -8679921383154817045, guid: c0c487084572f05469be9d33a54a1b34, type: 3}
      propertyPath: m_LocalPosition.x
      value: -0.592
      objectReference: {fileID: 0}
    - target: {fileID: -8679921383154817045, guid: c0c487084572f05469be9d33a54a1b34, type: 3}
      propertyPath: m_LocalPosition.y
      value: 2.5
      objectReference: {fileID: 0}
    - target: {fileID: -8679921383154817045, guid: c0c487084572f05469be9d33a54a1b34, type: 3}
      propertyPath: m_LocalPosition.z
      value: -0.035
      objectReference: {fileID: 0}
    - target: {fileID: -8679921383154817045, guid: c0c487084572f05469be9d33a54a1b34, type: 3}
      propertyPath: m_LocalRotation.w
      value: 0
      objectReference: {fileID: 0}
    - target: {fileID: -8679921383154817045, guid: c0c487084572f05469be9d33a54a1b34, type: 3}
      propertyPath: m_LocalRotation.x
      value: 0
      objectReference: {fileID: 0}
    - target: {fileID: -8679921383154817045, guid: c0c487084572f05469be9d33a54a1b34, type: 3}
      propertyPath: m_LocalRotation.y
      value: 1
      objectReference: {fileID: 0}
    - target: {fileID: -8679921383154817045, guid: c0c487084572f05469be9d33a54a1b34, type: 3}
      propertyPath: m_LocalRotation.z
      value: 0
      objectReference: {fileID: 0}
    - target: {fileID: -8679921383154817045, guid: c0c487084572f05469be9d33a54a1b34, type: 3}
      propertyPath: m_LocalEulerAnglesHint.x
      value: 0
      objectReference: {fileID: 0}
    - target: {fileID: -8679921383154817045, guid: c0c487084572f05469be9d33a54a1b34, type: 3}
      propertyPath: m_LocalEulerAnglesHint.y
      value: 180
      objectReference: {fileID: 0}
    - target: {fileID: -8679921383154817045, guid: c0c487084572f05469be9d33a54a1b34, type: 3}
      propertyPath: m_LocalEulerAnglesHint.z
      value: 0
      objectReference: {fileID: 0}
    - target: {fileID: 919132149155446097, guid: c0c487084572f05469be9d33a54a1b34, type: 3}
      propertyPath: m_Name
      value: Gaming Setup (16)
      objectReference: {fileID: 0}
    m_RemovedComponents: []
  m_SourcePrefab: {fileID: 100100000, guid: c0c487084572f05469be9d33a54a1b34, type: 3}
--- !u!4 &951794496913609661 stripped
Transform:
  m_CorrespondingSourceObject: {fileID: -8679921383154817045, guid: c0c487084572f05469be9d33a54a1b34, type: 3}
  m_PrefabInstance: {fileID: 774563542539465814}
  m_PrefabAsset: {fileID: 0}
--- !u!1001 &893209497653062212
PrefabInstance:
  m_ObjectHideFlags: 0
  serializedVersion: 2
  m_Modification:
    m_TransformParent: {fileID: 3170864220874900222}
    m_Modifications:
    - target: {fileID: -8679921383154817045, guid: c0c487084572f05469be9d33a54a1b34, type: 3}
      propertyPath: m_RootOrder
      value: 15
      objectReference: {fileID: 0}
    - target: {fileID: -8679921383154817045, guid: c0c487084572f05469be9d33a54a1b34, type: 3}
      propertyPath: m_LocalPosition.x
      value: 1.7979999
      objectReference: {fileID: 0}
    - target: {fileID: -8679921383154817045, guid: c0c487084572f05469be9d33a54a1b34, type: 3}
      propertyPath: m_LocalPosition.y
      value: 2.5
      objectReference: {fileID: 0}
    - target: {fileID: -8679921383154817045, guid: c0c487084572f05469be9d33a54a1b34, type: 3}
      propertyPath: m_LocalPosition.z
      value: -0.035
      objectReference: {fileID: 0}
    - target: {fileID: -8679921383154817045, guid: c0c487084572f05469be9d33a54a1b34, type: 3}
      propertyPath: m_LocalRotation.w
      value: 0
      objectReference: {fileID: 0}
    - target: {fileID: -8679921383154817045, guid: c0c487084572f05469be9d33a54a1b34, type: 3}
      propertyPath: m_LocalRotation.x
      value: 0
      objectReference: {fileID: 0}
    - target: {fileID: -8679921383154817045, guid: c0c487084572f05469be9d33a54a1b34, type: 3}
      propertyPath: m_LocalRotation.y
      value: 1
      objectReference: {fileID: 0}
    - target: {fileID: -8679921383154817045, guid: c0c487084572f05469be9d33a54a1b34, type: 3}
      propertyPath: m_LocalRotation.z
      value: 0
      objectReference: {fileID: 0}
    - target: {fileID: -8679921383154817045, guid: c0c487084572f05469be9d33a54a1b34, type: 3}
      propertyPath: m_LocalEulerAnglesHint.x
      value: 0
      objectReference: {fileID: 0}
    - target: {fileID: -8679921383154817045, guid: c0c487084572f05469be9d33a54a1b34, type: 3}
      propertyPath: m_LocalEulerAnglesHint.y
      value: 180
      objectReference: {fileID: 0}
    - target: {fileID: -8679921383154817045, guid: c0c487084572f05469be9d33a54a1b34, type: 3}
      propertyPath: m_LocalEulerAnglesHint.z
      value: 0
      objectReference: {fileID: 0}
    - target: {fileID: 919132149155446097, guid: c0c487084572f05469be9d33a54a1b34, type: 3}
      propertyPath: m_Name
      value: Gaming Setup (18)
      objectReference: {fileID: 0}
    m_RemovedComponents: []
  m_SourcePrefab: {fileID: 100100000, guid: c0c487084572f05469be9d33a54a1b34, type: 3}
--- !u!4 &860161360651144623 stripped
Transform:
  m_CorrespondingSourceObject: {fileID: -8679921383154817045, guid: c0c487084572f05469be9d33a54a1b34, type: 3}
  m_PrefabInstance: {fileID: 893209497653062212}
  m_PrefabAsset: {fileID: 0}
--- !u!1001 &1845211197666787423
PrefabInstance:
  m_ObjectHideFlags: 0
  serializedVersion: 2
  m_Modification:
    m_TransformParent: {fileID: 3170864220874900222}
    m_Modifications:
    - target: {fileID: -8679921383154817045, guid: c0c487084572f05469be9d33a54a1b34, type: 3}
      propertyPath: m_RootOrder
      value: 8
      objectReference: {fileID: 0}
    - target: {fileID: -8679921383154817045, guid: c0c487084572f05469be9d33a54a1b34, type: 3}
      propertyPath: m_LocalPosition.x
      value: 1.7979999
      objectReference: {fileID: 0}
    - target: {fileID: -8679921383154817045, guid: c0c487084572f05469be9d33a54a1b34, type: 3}
      propertyPath: m_LocalPosition.y
      value: 1.248
      objectReference: {fileID: 0}
    - target: {fileID: -8679921383154817045, guid: c0c487084572f05469be9d33a54a1b34, type: 3}
      propertyPath: m_LocalPosition.z
      value: -0.035
      objectReference: {fileID: 0}
    - target: {fileID: -8679921383154817045, guid: c0c487084572f05469be9d33a54a1b34, type: 3}
      propertyPath: m_LocalRotation.w
      value: 0
      objectReference: {fileID: 0}
    - target: {fileID: -8679921383154817045, guid: c0c487084572f05469be9d33a54a1b34, type: 3}
      propertyPath: m_LocalRotation.x
      value: 0
      objectReference: {fileID: 0}
    - target: {fileID: -8679921383154817045, guid: c0c487084572f05469be9d33a54a1b34, type: 3}
      propertyPath: m_LocalRotation.y
      value: 1
      objectReference: {fileID: 0}
    - target: {fileID: -8679921383154817045, guid: c0c487084572f05469be9d33a54a1b34, type: 3}
      propertyPath: m_LocalRotation.z
      value: 0
      objectReference: {fileID: 0}
    - target: {fileID: -8679921383154817045, guid: c0c487084572f05469be9d33a54a1b34, type: 3}
      propertyPath: m_LocalEulerAnglesHint.x
      value: 0
      objectReference: {fileID: 0}
    - target: {fileID: -8679921383154817045, guid: c0c487084572f05469be9d33a54a1b34, type: 3}
      propertyPath: m_LocalEulerAnglesHint.y
      value: 180
      objectReference: {fileID: 0}
    - target: {fileID: -8679921383154817045, guid: c0c487084572f05469be9d33a54a1b34, type: 3}
      propertyPath: m_LocalEulerAnglesHint.z
      value: 0
      objectReference: {fileID: 0}
    - target: {fileID: 919132149155446097, guid: c0c487084572f05469be9d33a54a1b34, type: 3}
      propertyPath: m_Name
      value: Gaming Setup (10)
      objectReference: {fileID: 0}
    m_RemovedComponents: []
  m_SourcePrefab: {fileID: 100100000, guid: c0c487084572f05469be9d33a54a1b34, type: 3}
--- !u!4 &2166575240048404404 stripped
Transform:
  m_CorrespondingSourceObject: {fileID: -8679921383154817045, guid: c0c487084572f05469be9d33a54a1b34, type: 3}
  m_PrefabInstance: {fileID: 1845211197666787423}
  m_PrefabAsset: {fileID: 0}
--- !u!1001 &2965838933285474863
PrefabInstance:
  m_ObjectHideFlags: 0
  serializedVersion: 2
  m_Modification:
    m_TransformParent: {fileID: 3170864220874900222}
    m_Modifications:
    - target: {fileID: -8679921383154817045, guid: eceb810b299d7fc4f854e9bb3abe895a, type: 3}
      propertyPath: m_RootOrder
      value: 0
      objectReference: {fileID: 0}
    - target: {fileID: -8679921383154817045, guid: eceb810b299d7fc4f854e9bb3abe895a, type: 3}
      propertyPath: m_LocalPosition.x
      value: 0
      objectReference: {fileID: 0}
    - target: {fileID: -8679921383154817045, guid: eceb810b299d7fc4f854e9bb3abe895a, type: 3}
      propertyPath: m_LocalPosition.y
      value: 1.5
      objectReference: {fileID: 0}
    - target: {fileID: -8679921383154817045, guid: eceb810b299d7fc4f854e9bb3abe895a, type: 3}
      propertyPath: m_LocalPosition.z
      value: 0
      objectReference: {fileID: 0}
    - target: {fileID: -8679921383154817045, guid: eceb810b299d7fc4f854e9bb3abe895a, type: 3}
      propertyPath: m_LocalRotation.w
      value: 0.7071068
      objectReference: {fileID: 0}
    - target: {fileID: -8679921383154817045, guid: eceb810b299d7fc4f854e9bb3abe895a, type: 3}
      propertyPath: m_LocalRotation.x
      value: 0
      objectReference: {fileID: 0}
    - target: {fileID: -8679921383154817045, guid: eceb810b299d7fc4f854e9bb3abe895a, type: 3}
      propertyPath: m_LocalRotation.y
      value: -0.7071068
      objectReference: {fileID: 0}
    - target: {fileID: -8679921383154817045, guid: eceb810b299d7fc4f854e9bb3abe895a, type: 3}
      propertyPath: m_LocalRotation.z
      value: 0
      objectReference: {fileID: 0}
    - target: {fileID: -8679921383154817045, guid: eceb810b299d7fc4f854e9bb3abe895a, type: 3}
      propertyPath: m_LocalEulerAnglesHint.x
      value: 0
      objectReference: {fileID: 0}
    - target: {fileID: -8679921383154817045, guid: eceb810b299d7fc4f854e9bb3abe895a, type: 3}
      propertyPath: m_LocalEulerAnglesHint.y
      value: -90
      objectReference: {fileID: 0}
    - target: {fileID: -8679921383154817045, guid: eceb810b299d7fc4f854e9bb3abe895a, type: 3}
      propertyPath: m_LocalEulerAnglesHint.z
      value: 0
      objectReference: {fileID: 0}
    - target: {fileID: -7511558181221131132, guid: eceb810b299d7fc4f854e9bb3abe895a, type: 3}
      propertyPath: m_Materials.Array.data[0]
      value: 
      objectReference: {fileID: 2100000, guid: 320eaf749569a2a42972434c9dce8e2b, type: 2}
    - target: {fileID: 919132149155446097, guid: eceb810b299d7fc4f854e9bb3abe895a, type: 3}
      propertyPath: m_Name
      value: Console rack
      objectReference: {fileID: 0}
    m_RemovedComponents: []
  m_SourcePrefab: {fileID: 100100000, guid: eceb810b299d7fc4f854e9bb3abe895a, type: 3}
--- !u!4 &3360388694606116292 stripped
Transform:
  m_CorrespondingSourceObject: {fileID: -8679921383154817045, guid: eceb810b299d7fc4f854e9bb3abe895a, type: 3}
  m_PrefabInstance: {fileID: 2965838933285474863}
  m_PrefabAsset: {fileID: 0}
--- !u!1001 &3122045581308463999
PrefabInstance:
  m_ObjectHideFlags: 0
  serializedVersion: 2
  m_Modification:
    m_TransformParent: {fileID: 3170864220874900222}
    m_Modifications:
    - target: {fileID: -8679921383154817045, guid: c0c487084572f05469be9d33a54a1b34, type: 3}
      propertyPath: m_RootOrder
      value: 12
      objectReference: {fileID: 0}
    - target: {fileID: -8679921383154817045, guid: c0c487084572f05469be9d33a54a1b34, type: 3}
      propertyPath: m_LocalPosition.x
      value: 0.5999999
      objectReference: {fileID: 0}
    - target: {fileID: -8679921383154817045, guid: c0c487084572f05469be9d33a54a1b34, type: 3}
      propertyPath: m_LocalPosition.y
      value: 1.891
      objectReference: {fileID: 0}
    - target: {fileID: -8679921383154817045, guid: c0c487084572f05469be9d33a54a1b34, type: 3}
      propertyPath: m_LocalPosition.z
      value: -0.035
      objectReference: {fileID: 0}
    - target: {fileID: -8679921383154817045, guid: c0c487084572f05469be9d33a54a1b34, type: 3}
      propertyPath: m_LocalRotation.w
      value: 0
      objectReference: {fileID: 0}
    - target: {fileID: -8679921383154817045, guid: c0c487084572f05469be9d33a54a1b34, type: 3}
      propertyPath: m_LocalRotation.x
      value: 0
      objectReference: {fileID: 0}
    - target: {fileID: -8679921383154817045, guid: c0c487084572f05469be9d33a54a1b34, type: 3}
      propertyPath: m_LocalRotation.y
      value: 1
      objectReference: {fileID: 0}
    - target: {fileID: -8679921383154817045, guid: c0c487084572f05469be9d33a54a1b34, type: 3}
      propertyPath: m_LocalRotation.z
      value: 0
      objectReference: {fileID: 0}
    - target: {fileID: -8679921383154817045, guid: c0c487084572f05469be9d33a54a1b34, type: 3}
      propertyPath: m_LocalEulerAnglesHint.x
      value: 0
      objectReference: {fileID: 0}
    - target: {fileID: -8679921383154817045, guid: c0c487084572f05469be9d33a54a1b34, type: 3}
      propertyPath: m_LocalEulerAnglesHint.y
      value: 180
      objectReference: {fileID: 0}
    - target: {fileID: -8679921383154817045, guid: c0c487084572f05469be9d33a54a1b34, type: 3}
      propertyPath: m_LocalEulerAnglesHint.z
      value: 0
      objectReference: {fileID: 0}
    - target: {fileID: 919132149155446097, guid: c0c487084572f05469be9d33a54a1b34, type: 3}
      propertyPath: m_Name
      value: Gaming Setup (15)
      objectReference: {fileID: 0}
    m_RemovedComponents: []
  m_SourcePrefab: {fileID: 100100000, guid: c0c487084572f05469be9d33a54a1b34, type: 3}
--- !u!4 &3231617056399256724 stripped
Transform:
  m_CorrespondingSourceObject: {fileID: -8679921383154817045, guid: c0c487084572f05469be9d33a54a1b34, type: 3}
  m_PrefabInstance: {fileID: 3122045581308463999}
  m_PrefabAsset: {fileID: 0}
--- !u!1001 &3422130351268829161
PrefabInstance:
  m_ObjectHideFlags: 0
  serializedVersion: 2
  m_Modification:
    m_TransformParent: {fileID: 3170864220874900222}
    m_Modifications:
    - target: {fileID: -8679921383154817045, guid: c0c487084572f05469be9d33a54a1b34, type: 3}
      propertyPath: m_RootOrder
      value: 7
      objectReference: {fileID: 0}
    - target: {fileID: -8679921383154817045, guid: c0c487084572f05469be9d33a54a1b34, type: 3}
      propertyPath: m_LocalPosition.x
      value: 1.7979999
      objectReference: {fileID: 0}
    - target: {fileID: -8679921383154817045, guid: c0c487084572f05469be9d33a54a1b34, type: 3}
      propertyPath: m_LocalPosition.y
      value: -0.049
      objectReference: {fileID: 0}
    - target: {fileID: -8679921383154817045, guid: c0c487084572f05469be9d33a54a1b34, type: 3}
      propertyPath: m_LocalPosition.z
      value: -0.035
      objectReference: {fileID: 0}
    - target: {fileID: -8679921383154817045, guid: c0c487084572f05469be9d33a54a1b34, type: 3}
      propertyPath: m_LocalRotation.w
      value: 0
      objectReference: {fileID: 0}
    - target: {fileID: -8679921383154817045, guid: c0c487084572f05469be9d33a54a1b34, type: 3}
      propertyPath: m_LocalRotation.x
      value: 0
      objectReference: {fileID: 0}
    - target: {fileID: -8679921383154817045, guid: c0c487084572f05469be9d33a54a1b34, type: 3}
      propertyPath: m_LocalRotation.y
      value: 1
      objectReference: {fileID: 0}
    - target: {fileID: -8679921383154817045, guid: c0c487084572f05469be9d33a54a1b34, type: 3}
      propertyPath: m_LocalRotation.z
      value: 0
      objectReference: {fileID: 0}
    - target: {fileID: -8679921383154817045, guid: c0c487084572f05469be9d33a54a1b34, type: 3}
      propertyPath: m_LocalEulerAnglesHint.x
      value: 0
      objectReference: {fileID: 0}
    - target: {fileID: -8679921383154817045, guid: c0c487084572f05469be9d33a54a1b34, type: 3}
      propertyPath: m_LocalEulerAnglesHint.y
      value: 180
      objectReference: {fileID: 0}
    - target: {fileID: -8679921383154817045, guid: c0c487084572f05469be9d33a54a1b34, type: 3}
      propertyPath: m_LocalEulerAnglesHint.z
      value: 0
      objectReference: {fileID: 0}
    - target: {fileID: 919132149155446097, guid: c0c487084572f05469be9d33a54a1b34, type: 3}
      propertyPath: m_Name
      value: Gaming Setup (8)
      objectReference: {fileID: 0}
    m_RemovedComponents: []
  m_SourcePrefab: {fileID: 100100000, guid: c0c487084572f05469be9d33a54a1b34, type: 3}
--- !u!4 &2951933707512672258 stripped
Transform:
  m_CorrespondingSourceObject: {fileID: -8679921383154817045, guid: c0c487084572f05469be9d33a54a1b34, type: 3}
  m_PrefabInstance: {fileID: 3422130351268829161}
  m_PrefabAsset: {fileID: 0}
--- !u!1001 &3477855872504028928
PrefabInstance:
  m_ObjectHideFlags: 0
  serializedVersion: 2
  m_Modification:
    m_TransformParent: {fileID: 3170864220874900222}
    m_Modifications:
    - target: {fileID: -8679921383154817045, guid: c0c487084572f05469be9d33a54a1b34, type: 3}
      propertyPath: m_RootOrder
      value: 5
      objectReference: {fileID: 0}
    - target: {fileID: -8679921383154817045, guid: c0c487084572f05469be9d33a54a1b34, type: 3}
      propertyPath: m_LocalPosition.x
      value: -1.79
      objectReference: {fileID: 0}
    - target: {fileID: -8679921383154817045, guid: c0c487084572f05469be9d33a54a1b34, type: 3}
      propertyPath: m_LocalPosition.y
      value: 1.248
      objectReference: {fileID: 0}
    - target: {fileID: -8679921383154817045, guid: c0c487084572f05469be9d33a54a1b34, type: 3}
      propertyPath: m_LocalPosition.z
      value: -0.035
      objectReference: {fileID: 0}
    - target: {fileID: -8679921383154817045, guid: c0c487084572f05469be9d33a54a1b34, type: 3}
      propertyPath: m_LocalRotation.w
      value: 0
      objectReference: {fileID: 0}
    - target: {fileID: -8679921383154817045, guid: c0c487084572f05469be9d33a54a1b34, type: 3}
      propertyPath: m_LocalRotation.x
      value: 0
      objectReference: {fileID: 0}
    - target: {fileID: -8679921383154817045, guid: c0c487084572f05469be9d33a54a1b34, type: 3}
      propertyPath: m_LocalRotation.y
      value: 1
      objectReference: {fileID: 0}
    - target: {fileID: -8679921383154817045, guid: c0c487084572f05469be9d33a54a1b34, type: 3}
      propertyPath: m_LocalRotation.z
      value: 0
      objectReference: {fileID: 0}
    - target: {fileID: -8679921383154817045, guid: c0c487084572f05469be9d33a54a1b34, type: 3}
      propertyPath: m_LocalEulerAnglesHint.x
      value: 0
      objectReference: {fileID: 0}
    - target: {fileID: -8679921383154817045, guid: c0c487084572f05469be9d33a54a1b34, type: 3}
      propertyPath: m_LocalEulerAnglesHint.y
      value: 180
      objectReference: {fileID: 0}
    - target: {fileID: -8679921383154817045, guid: c0c487084572f05469be9d33a54a1b34, type: 3}
      propertyPath: m_LocalEulerAnglesHint.z
      value: 0
      objectReference: {fileID: 0}
    - target: {fileID: 919132149155446097, guid: c0c487084572f05469be9d33a54a1b34, type: 3}
      propertyPath: m_Name
      value: Gaming Setup (6)
      objectReference: {fileID: 0}
    m_RemovedComponents: []
  m_SourcePrefab: {fileID: 100100000, guid: c0c487084572f05469be9d33a54a1b34, type: 3}
--- !u!4 &4019860691344603371 stripped
Transform:
  m_CorrespondingSourceObject: {fileID: -8679921383154817045, guid: c0c487084572f05469be9d33a54a1b34, type: 3}
  m_PrefabInstance: {fileID: 3477855872504028928}
  m_PrefabAsset: {fileID: 0}
--- !u!1001 &3562821589516876616
PrefabInstance:
  m_ObjectHideFlags: 0
  serializedVersion: 2
  m_Modification:
    m_TransformParent: {fileID: 3170864220874900222}
    m_Modifications:
    - target: {fileID: -8679921383154817045, guid: c0c487084572f05469be9d33a54a1b34, type: 3}
      propertyPath: m_RootOrder
      value: 6
      objectReference: {fileID: 0}
    - target: {fileID: -8679921383154817045, guid: c0c487084572f05469be9d33a54a1b34, type: 3}
      propertyPath: m_LocalPosition.x
      value: -1.79
      objectReference: {fileID: 0}
    - target: {fileID: -8679921383154817045, guid: c0c487084572f05469be9d33a54a1b34, type: 3}
      propertyPath: m_LocalPosition.y
      value: 1.891
      objectReference: {fileID: 0}
    - target: {fileID: -8679921383154817045, guid: c0c487084572f05469be9d33a54a1b34, type: 3}
      propertyPath: m_LocalPosition.z
      value: -0.035
      objectReference: {fileID: 0}
    - target: {fileID: -8679921383154817045, guid: c0c487084572f05469be9d33a54a1b34, type: 3}
      propertyPath: m_LocalRotation.w
      value: 0
      objectReference: {fileID: 0}
    - target: {fileID: -8679921383154817045, guid: c0c487084572f05469be9d33a54a1b34, type: 3}
      propertyPath: m_LocalRotation.x
      value: 0
      objectReference: {fileID: 0}
    - target: {fileID: -8679921383154817045, guid: c0c487084572f05469be9d33a54a1b34, type: 3}
      propertyPath: m_LocalRotation.y
      value: 1
      objectReference: {fileID: 0}
    - target: {fileID: -8679921383154817045, guid: c0c487084572f05469be9d33a54a1b34, type: 3}
      propertyPath: m_LocalRotation.z
      value: 0
      objectReference: {fileID: 0}
    - target: {fileID: -8679921383154817045, guid: c0c487084572f05469be9d33a54a1b34, type: 3}
      propertyPath: m_LocalEulerAnglesHint.x
      value: 0
      objectReference: {fileID: 0}
    - target: {fileID: -8679921383154817045, guid: c0c487084572f05469be9d33a54a1b34, type: 3}
      propertyPath: m_LocalEulerAnglesHint.y
      value: 180
      objectReference: {fileID: 0}
    - target: {fileID: -8679921383154817045, guid: c0c487084572f05469be9d33a54a1b34, type: 3}
      propertyPath: m_LocalEulerAnglesHint.z
      value: 0
      objectReference: {fileID: 0}
    - target: {fileID: 919132149155446097, guid: c0c487084572f05469be9d33a54a1b34, type: 3}
      propertyPath: m_Name
      value: Gaming Setup (7)
      objectReference: {fileID: 0}
    m_RemovedComponents: []
  m_SourcePrefab: {fileID: 100100000, guid: c0c487084572f05469be9d33a54a1b34, type: 3}
--- !u!4 &3961784652209036451 stripped
Transform:
  m_CorrespondingSourceObject: {fileID: -8679921383154817045, guid: c0c487084572f05469be9d33a54a1b34, type: 3}
  m_PrefabInstance: {fileID: 3562821589516876616}
  m_PrefabAsset: {fileID: 0}
--- !u!1001 &4158849834421148390
PrefabInstance:
  m_ObjectHideFlags: 0
  serializedVersion: 2
  m_Modification:
    m_TransformParent: {fileID: 3170864220874900222}
    m_Modifications:
    - target: {fileID: -8679921383154817045, guid: c0c487084572f05469be9d33a54a1b34, type: 3}
      propertyPath: m_RootOrder
      value: 10
      objectReference: {fileID: 0}
    - target: {fileID: -8679921383154817045, guid: c0c487084572f05469be9d33a54a1b34, type: 3}
      propertyPath: m_LocalPosition.x
      value: 0.6
      objectReference: {fileID: 0}
    - target: {fileID: -8679921383154817045, guid: c0c487084572f05469be9d33a54a1b34, type: 3}
      propertyPath: m_LocalPosition.y
      value: -0.049
      objectReference: {fileID: 0}
    - target: {fileID: -8679921383154817045, guid: c0c487084572f05469be9d33a54a1b34, type: 3}
      propertyPath: m_LocalPosition.z
      value: -0.035
      objectReference: {fileID: 0}
    - target: {fileID: -8679921383154817045, guid: c0c487084572f05469be9d33a54a1b34, type: 3}
      propertyPath: m_LocalRotation.w
      value: 0
      objectReference: {fileID: 0}
    - target: {fileID: -8679921383154817045, guid: c0c487084572f05469be9d33a54a1b34, type: 3}
      propertyPath: m_LocalRotation.x
      value: 0
      objectReference: {fileID: 0}
    - target: {fileID: -8679921383154817045, guid: c0c487084572f05469be9d33a54a1b34, type: 3}
      propertyPath: m_LocalRotation.y
      value: 1
      objectReference: {fileID: 0}
    - target: {fileID: -8679921383154817045, guid: c0c487084572f05469be9d33a54a1b34, type: 3}
      propertyPath: m_LocalRotation.z
      value: 0
      objectReference: {fileID: 0}
    - target: {fileID: -8679921383154817045, guid: c0c487084572f05469be9d33a54a1b34, type: 3}
      propertyPath: m_LocalEulerAnglesHint.x
      value: 0
      objectReference: {fileID: 0}
    - target: {fileID: -8679921383154817045, guid: c0c487084572f05469be9d33a54a1b34, type: 3}
      propertyPath: m_LocalEulerAnglesHint.y
      value: 180
      objectReference: {fileID: 0}
    - target: {fileID: -8679921383154817045, guid: c0c487084572f05469be9d33a54a1b34, type: 3}
      propertyPath: m_LocalEulerAnglesHint.z
      value: 0
      objectReference: {fileID: 0}
    - target: {fileID: 919132149155446097, guid: c0c487084572f05469be9d33a54a1b34, type: 3}
      propertyPath: m_Name
      value: Gaming Setup (12)
      objectReference: {fileID: 0}
    m_RemovedComponents: []
  m_SourcePrefab: {fileID: 100100000, guid: c0c487084572f05469be9d33a54a1b34, type: 3}
--- !u!4 &4484893218099445005 stripped
Transform:
  m_CorrespondingSourceObject: {fileID: -8679921383154817045, guid: c0c487084572f05469be9d33a54a1b34, type: 3}
  m_PrefabInstance: {fileID: 4158849834421148390}
  m_PrefabAsset: {fileID: 0}
--- !u!1001 &4545219311488709255
PrefabInstance:
  m_ObjectHideFlags: 0
  serializedVersion: 2
  m_Modification:
    m_TransformParent: {fileID: 3170864220874900222}
    m_Modifications:
    - target: {fileID: -8679921383154817045, guid: c0c487084572f05469be9d33a54a1b34, type: 3}
      propertyPath: m_RootOrder
      value: 3
      objectReference: {fileID: 0}
    - target: {fileID: -8679921383154817045, guid: c0c487084572f05469be9d33a54a1b34, type: 3}
      propertyPath: m_LocalPosition.x
      value: -0.592
      objectReference: {fileID: 0}
    - target: {fileID: -8679921383154817045, guid: c0c487084572f05469be9d33a54a1b34, type: 3}
      propertyPath: m_LocalPosition.y
      value: 1.248
      objectReference: {fileID: 0}
    - target: {fileID: -8679921383154817045, guid: c0c487084572f05469be9d33a54a1b34, type: 3}
      propertyPath: m_LocalPosition.z
      value: -0.035
      objectReference: {fileID: 0}
    - target: {fileID: -8679921383154817045, guid: c0c487084572f05469be9d33a54a1b34, type: 3}
      propertyPath: m_LocalRotation.w
      value: 0
      objectReference: {fileID: 0}
    - target: {fileID: -8679921383154817045, guid: c0c487084572f05469be9d33a54a1b34, type: 3}
      propertyPath: m_LocalRotation.x
      value: 0
      objectReference: {fileID: 0}
    - target: {fileID: -8679921383154817045, guid: c0c487084572f05469be9d33a54a1b34, type: 3}
      propertyPath: m_LocalRotation.y
      value: 1
      objectReference: {fileID: 0}
    - target: {fileID: -8679921383154817045, guid: c0c487084572f05469be9d33a54a1b34, type: 3}
      propertyPath: m_LocalRotation.z
      value: 0
      objectReference: {fileID: 0}
    - target: {fileID: -8679921383154817045, guid: c0c487084572f05469be9d33a54a1b34, type: 3}
      propertyPath: m_LocalEulerAnglesHint.x
      value: 0
      objectReference: {fileID: 0}
    - target: {fileID: -8679921383154817045, guid: c0c487084572f05469be9d33a54a1b34, type: 3}
      propertyPath: m_LocalEulerAnglesHint.y
      value: 180
      objectReference: {fileID: 0}
    - target: {fileID: -8679921383154817045, guid: c0c487084572f05469be9d33a54a1b34, type: 3}
      propertyPath: m_LocalEulerAnglesHint.z
      value: 0
      objectReference: {fileID: 0}
    - target: {fileID: 919132149155446097, guid: c0c487084572f05469be9d33a54a1b34, type: 3}
      propertyPath: m_Name
      value: Gaming Setup (2)
      objectReference: {fileID: 0}
    m_RemovedComponents: []
  m_SourcePrefab: {fileID: 100100000, guid: c0c487084572f05469be9d33a54a1b34, type: 3}
--- !u!4 &4078402661089203564 stripped
Transform:
  m_CorrespondingSourceObject: {fileID: -8679921383154817045, guid: c0c487084572f05469be9d33a54a1b34, type: 3}
  m_PrefabInstance: {fileID: 4545219311488709255}
  m_PrefabAsset: {fileID: 0}
--- !u!1001 &5251220146961837261
PrefabInstance:
  m_ObjectHideFlags: 0
  serializedVersion: 2
  m_Modification:
    m_TransformParent: {fileID: 3170864220874900222}
    m_Modifications:
    - target: {fileID: -8679921383154817045, guid: c0c487084572f05469be9d33a54a1b34, type: 3}
      propertyPath: m_RootOrder
      value: 2
      objectReference: {fileID: 0}
    - target: {fileID: -8679921383154817045, guid: c0c487084572f05469be9d33a54a1b34, type: 3}
      propertyPath: m_LocalPosition.x
      value: -0.592
      objectReference: {fileID: 0}
    - target: {fileID: -8679921383154817045, guid: c0c487084572f05469be9d33a54a1b34, type: 3}
      propertyPath: m_LocalPosition.y
      value: 0.594
      objectReference: {fileID: 0}
    - target: {fileID: -8679921383154817045, guid: c0c487084572f05469be9d33a54a1b34, type: 3}
      propertyPath: m_LocalPosition.z
      value: -0.035
      objectReference: {fileID: 0}
    - target: {fileID: -8679921383154817045, guid: c0c487084572f05469be9d33a54a1b34, type: 3}
      propertyPath: m_LocalRotation.w
      value: 0
      objectReference: {fileID: 0}
    - target: {fileID: -8679921383154817045, guid: c0c487084572f05469be9d33a54a1b34, type: 3}
      propertyPath: m_LocalRotation.x
      value: 0
      objectReference: {fileID: 0}
    - target: {fileID: -8679921383154817045, guid: c0c487084572f05469be9d33a54a1b34, type: 3}
      propertyPath: m_LocalRotation.y
      value: 1
      objectReference: {fileID: 0}
    - target: {fileID: -8679921383154817045, guid: c0c487084572f05469be9d33a54a1b34, type: 3}
      propertyPath: m_LocalRotation.z
      value: 0
      objectReference: {fileID: 0}
    - target: {fileID: -8679921383154817045, guid: c0c487084572f05469be9d33a54a1b34, type: 3}
      propertyPath: m_LocalEulerAnglesHint.x
      value: 0
      objectReference: {fileID: 0}
    - target: {fileID: -8679921383154817045, guid: c0c487084572f05469be9d33a54a1b34, type: 3}
      propertyPath: m_LocalEulerAnglesHint.y
      value: 180
      objectReference: {fileID: 0}
    - target: {fileID: -8679921383154817045, guid: c0c487084572f05469be9d33a54a1b34, type: 3}
      propertyPath: m_LocalEulerAnglesHint.z
      value: 0
      objectReference: {fileID: 0}
    - target: {fileID: 919132149155446097, guid: c0c487084572f05469be9d33a54a1b34, type: 3}
      propertyPath: m_Name
      value: Gaming Setup (1)
      objectReference: {fileID: 0}
    m_RemovedComponents: []
  m_SourcePrefab: {fileID: 100100000, guid: c0c487084572f05469be9d33a54a1b34, type: 3}
--- !u!4 &5722577160841300774 stripped
Transform:
  m_CorrespondingSourceObject: {fileID: -8679921383154817045, guid: c0c487084572f05469be9d33a54a1b34, type: 3}
  m_PrefabInstance: {fileID: 5251220146961837261}
  m_PrefabAsset: {fileID: 0}
--- !u!1001 &6306270788023570824
PrefabInstance:
  m_ObjectHideFlags: 0
  serializedVersion: 2
  m_Modification:
    m_TransformParent: {fileID: 3170864220874900222}
    m_Modifications:
    - target: {fileID: -8679921383154817045, guid: c0c487084572f05469be9d33a54a1b34, type: 3}
      propertyPath: m_RootOrder
      value: 9
      objectReference: {fileID: 0}
    - target: {fileID: -8679921383154817045, guid: c0c487084572f05469be9d33a54a1b34, type: 3}
      propertyPath: m_LocalPosition.x
      value: 1.7979999
      objectReference: {fileID: 0}
    - target: {fileID: -8679921383154817045, guid: c0c487084572f05469be9d33a54a1b34, type: 3}
      propertyPath: m_LocalPosition.y
      value: 1.891
      objectReference: {fileID: 0}
    - target: {fileID: -8679921383154817045, guid: c0c487084572f05469be9d33a54a1b34, type: 3}
      propertyPath: m_LocalPosition.z
      value: -0.035
      objectReference: {fileID: 0}
    - target: {fileID: -8679921383154817045, guid: c0c487084572f05469be9d33a54a1b34, type: 3}
      propertyPath: m_LocalRotation.w
      value: 0
      objectReference: {fileID: 0}
    - target: {fileID: -8679921383154817045, guid: c0c487084572f05469be9d33a54a1b34, type: 3}
      propertyPath: m_LocalRotation.x
      value: 0
      objectReference: {fileID: 0}
    - target: {fileID: -8679921383154817045, guid: c0c487084572f05469be9d33a54a1b34, type: 3}
      propertyPath: m_LocalRotation.y
      value: 1
      objectReference: {fileID: 0}
    - target: {fileID: -8679921383154817045, guid: c0c487084572f05469be9d33a54a1b34, type: 3}
      propertyPath: m_LocalRotation.z
      value: 0
      objectReference: {fileID: 0}
    - target: {fileID: -8679921383154817045, guid: c0c487084572f05469be9d33a54a1b34, type: 3}
      propertyPath: m_LocalEulerAnglesHint.x
      value: 0
      objectReference: {fileID: 0}
    - target: {fileID: -8679921383154817045, guid: c0c487084572f05469be9d33a54a1b34, type: 3}
      propertyPath: m_LocalEulerAnglesHint.y
      value: 180
      objectReference: {fileID: 0}
    - target: {fileID: -8679921383154817045, guid: c0c487084572f05469be9d33a54a1b34, type: 3}
      propertyPath: m_LocalEulerAnglesHint.z
      value: 0
      objectReference: {fileID: 0}
    - target: {fileID: 919132149155446097, guid: c0c487084572f05469be9d33a54a1b34, type: 3}
      propertyPath: m_Name
      value: Gaming Setup (11)
      objectReference: {fileID: 0}
    m_RemovedComponents: []
  m_SourcePrefab: {fileID: 100100000, guid: c0c487084572f05469be9d33a54a1b34, type: 3}
--- !u!4 &5768801764206458467 stripped
Transform:
  m_CorrespondingSourceObject: {fileID: -8679921383154817045, guid: c0c487084572f05469be9d33a54a1b34, type: 3}
  m_PrefabInstance: {fileID: 6306270788023570824}
  m_PrefabAsset: {fileID: 0}
--- !u!1001 &6342806326955855308
PrefabInstance:
  m_ObjectHideFlags: 0
  serializedVersion: 2
  m_Modification:
    m_TransformParent: {fileID: 3170864220874900222}
    m_Modifications:
    - target: {fileID: -8679921383154817045, guid: c0c487084572f05469be9d33a54a1b34, type: 3}
      propertyPath: m_RootOrder
      value: 4
      objectReference: {fileID: 0}
    - target: {fileID: -8679921383154817045, guid: c0c487084572f05469be9d33a54a1b34, type: 3}
      propertyPath: m_LocalPosition.x
      value: -1.79
      objectReference: {fileID: 0}
    - target: {fileID: -8679921383154817045, guid: c0c487084572f05469be9d33a54a1b34, type: 3}
      propertyPath: m_LocalPosition.y
      value: -0.049
      objectReference: {fileID: 0}
    - target: {fileID: -8679921383154817045, guid: c0c487084572f05469be9d33a54a1b34, type: 3}
      propertyPath: m_LocalPosition.z
      value: -0.035
      objectReference: {fileID: 0}
    - target: {fileID: -8679921383154817045, guid: c0c487084572f05469be9d33a54a1b34, type: 3}
      propertyPath: m_LocalRotation.w
      value: 0
      objectReference: {fileID: 0}
    - target: {fileID: -8679921383154817045, guid: c0c487084572f05469be9d33a54a1b34, type: 3}
      propertyPath: m_LocalRotation.x
      value: 0
      objectReference: {fileID: 0}
    - target: {fileID: -8679921383154817045, guid: c0c487084572f05469be9d33a54a1b34, type: 3}
      propertyPath: m_LocalRotation.y
      value: 1
      objectReference: {fileID: 0}
    - target: {fileID: -8679921383154817045, guid: c0c487084572f05469be9d33a54a1b34, type: 3}
      propertyPath: m_LocalRotation.z
      value: 0
      objectReference: {fileID: 0}
    - target: {fileID: -8679921383154817045, guid: c0c487084572f05469be9d33a54a1b34, type: 3}
      propertyPath: m_LocalEulerAnglesHint.x
      value: 0
      objectReference: {fileID: 0}
    - target: {fileID: -8679921383154817045, guid: c0c487084572f05469be9d33a54a1b34, type: 3}
      propertyPath: m_LocalEulerAnglesHint.y
      value: 180
      objectReference: {fileID: 0}
    - target: {fileID: -8679921383154817045, guid: c0c487084572f05469be9d33a54a1b34, type: 3}
      propertyPath: m_LocalEulerAnglesHint.z
      value: 0
      objectReference: {fileID: 0}
    - target: {fileID: 919132149155446097, guid: c0c487084572f05469be9d33a54a1b34, type: 3}
      propertyPath: m_Name
      value: Gaming Setup (4)
      objectReference: {fileID: 0}
    m_RemovedComponents: []
  m_SourcePrefab: {fileID: 100100000, guid: c0c487084572f05469be9d33a54a1b34, type: 3}
--- !u!4 &6885042594354604583 stripped
Transform:
  m_CorrespondingSourceObject: {fileID: -8679921383154817045, guid: c0c487084572f05469be9d33a54a1b34, type: 3}
  m_PrefabInstance: {fileID: 6342806326955855308}
  m_PrefabAsset: {fileID: 0}
--- !u!1001 &6836205888523209370
PrefabInstance:
  m_ObjectHideFlags: 0
  serializedVersion: 2
  m_Modification:
    m_TransformParent: {fileID: 3170864220874900222}
    m_Modifications:
    - target: {fileID: -8679921383154817045, guid: c0c487084572f05469be9d33a54a1b34, type: 3}
      propertyPath: m_RootOrder
      value: 1
      objectReference: {fileID: 0}
    - target: {fileID: -8679921383154817045, guid: c0c487084572f05469be9d33a54a1b34, type: 3}
      propertyPath: m_LocalPosition.x
      value: -0.592
      objectReference: {fileID: 0}
    - target: {fileID: -8679921383154817045, guid: c0c487084572f05469be9d33a54a1b34, type: 3}
      propertyPath: m_LocalPosition.y
      value: -0.049
      objectReference: {fileID: 0}
    - target: {fileID: -8679921383154817045, guid: c0c487084572f05469be9d33a54a1b34, type: 3}
      propertyPath: m_LocalPosition.z
      value: -0.035
      objectReference: {fileID: 0}
    - target: {fileID: -8679921383154817045, guid: c0c487084572f05469be9d33a54a1b34, type: 3}
      propertyPath: m_LocalRotation.w
      value: 0
      objectReference: {fileID: 0}
    - target: {fileID: -8679921383154817045, guid: c0c487084572f05469be9d33a54a1b34, type: 3}
      propertyPath: m_LocalRotation.x
      value: 0
      objectReference: {fileID: 0}
    - target: {fileID: -8679921383154817045, guid: c0c487084572f05469be9d33a54a1b34, type: 3}
      propertyPath: m_LocalRotation.y
      value: 1
      objectReference: {fileID: 0}
    - target: {fileID: -8679921383154817045, guid: c0c487084572f05469be9d33a54a1b34, type: 3}
      propertyPath: m_LocalRotation.z
      value: 0
      objectReference: {fileID: 0}
    - target: {fileID: -8679921383154817045, guid: c0c487084572f05469be9d33a54a1b34, type: 3}
      propertyPath: m_LocalEulerAnglesHint.x
      value: 0
      objectReference: {fileID: 0}
    - target: {fileID: -8679921383154817045, guid: c0c487084572f05469be9d33a54a1b34, type: 3}
      propertyPath: m_LocalEulerAnglesHint.y
      value: 180
      objectReference: {fileID: 0}
    - target: {fileID: -8679921383154817045, guid: c0c487084572f05469be9d33a54a1b34, type: 3}
      propertyPath: m_LocalEulerAnglesHint.z
      value: 0
      objectReference: {fileID: 0}
    - target: {fileID: 919132149155446097, guid: c0c487084572f05469be9d33a54a1b34, type: 3}
      propertyPath: m_Name
      value: Gaming Setup
      objectReference: {fileID: 0}
    m_RemovedComponents: []
  m_SourcePrefab: {fileID: 100100000, guid: c0c487084572f05469be9d33a54a1b34, type: 3}
--- !u!4 &6437240857994292593 stripped
Transform:
  m_CorrespondingSourceObject: {fileID: -8679921383154817045, guid: c0c487084572f05469be9d33a54a1b34, type: 3}
  m_PrefabInstance: {fileID: 6836205888523209370}
  m_PrefabAsset: {fileID: 0}
--- !u!1001 &7396181807909699699
PrefabInstance:
  m_ObjectHideFlags: 0
  serializedVersion: 2
  m_Modification:
    m_TransformParent: {fileID: 3170864220874900222}
    m_Modifications:
    - target: {fileID: -8679921383154817045, guid: c0c487084572f05469be9d33a54a1b34, type: 3}
      propertyPath: m_RootOrder
      value: 11
      objectReference: {fileID: 0}
    - target: {fileID: -8679921383154817045, guid: c0c487084572f05469be9d33a54a1b34, type: 3}
      propertyPath: m_LocalPosition.x
      value: 0.5999999
      objectReference: {fileID: 0}
    - target: {fileID: -8679921383154817045, guid: c0c487084572f05469be9d33a54a1b34, type: 3}
      propertyPath: m_LocalPosition.y
      value: 0.594
      objectReference: {fileID: 0}
    - target: {fileID: -8679921383154817045, guid: c0c487084572f05469be9d33a54a1b34, type: 3}
      propertyPath: m_LocalPosition.z
      value: -0.035
      objectReference: {fileID: 0}
    - target: {fileID: -8679921383154817045, guid: c0c487084572f05469be9d33a54a1b34, type: 3}
      propertyPath: m_LocalRotation.w
      value: 0
      objectReference: {fileID: 0}
    - target: {fileID: -8679921383154817045, guid: c0c487084572f05469be9d33a54a1b34, type: 3}
      propertyPath: m_LocalRotation.x
      value: 0
      objectReference: {fileID: 0}
    - target: {fileID: -8679921383154817045, guid: c0c487084572f05469be9d33a54a1b34, type: 3}
      propertyPath: m_LocalRotation.y
      value: 1
      objectReference: {fileID: 0}
    - target: {fileID: -8679921383154817045, guid: c0c487084572f05469be9d33a54a1b34, type: 3}
      propertyPath: m_LocalRotation.z
      value: 0
      objectReference: {fileID: 0}
    - target: {fileID: -8679921383154817045, guid: c0c487084572f05469be9d33a54a1b34, type: 3}
      propertyPath: m_LocalEulerAnglesHint.x
      value: 0
      objectReference: {fileID: 0}
    - target: {fileID: -8679921383154817045, guid: c0c487084572f05469be9d33a54a1b34, type: 3}
      propertyPath: m_LocalEulerAnglesHint.y
      value: 180
      objectReference: {fileID: 0}
    - target: {fileID: -8679921383154817045, guid: c0c487084572f05469be9d33a54a1b34, type: 3}
      propertyPath: m_LocalEulerAnglesHint.z
      value: 0
      objectReference: {fileID: 0}
    - target: {fileID: 919132149155446097, guid: c0c487084572f05469be9d33a54a1b34, type: 3}
      propertyPath: m_Name
      value: Gaming Setup (13)
      objectReference: {fileID: 0}
    m_RemovedComponents: []
  m_SourcePrefab: {fileID: 100100000, guid: c0c487084572f05469be9d33a54a1b34, type: 3}
--- !u!4 &7002601916963710872 stripped
Transform:
  m_CorrespondingSourceObject: {fileID: -8679921383154817045, guid: c0c487084572f05469be9d33a54a1b34, type: 3}
  m_PrefabInstance: {fileID: 7396181807909699699}
  m_PrefabAsset: {fileID: 0}
--- !u!1001 &7868217075715792547
PrefabInstance:
  m_ObjectHideFlags: 0
  serializedVersion: 2
  m_Modification:
    m_TransformParent: {fileID: 3170864220874900222}
    m_Modifications:
    - target: {fileID: -8679921383154817045, guid: c0c487084572f05469be9d33a54a1b34, type: 3}
      propertyPath: m_RootOrder
      value: 14
      objectReference: {fileID: 0}
    - target: {fileID: -8679921383154817045, guid: c0c487084572f05469be9d33a54a1b34, type: 3}
      propertyPath: m_LocalPosition.x
      value: -1.79
      objectReference: {fileID: 0}
    - target: {fileID: -8679921383154817045, guid: c0c487084572f05469be9d33a54a1b34, type: 3}
      propertyPath: m_LocalPosition.y
      value: 2.5
      objectReference: {fileID: 0}
    - target: {fileID: -8679921383154817045, guid: c0c487084572f05469be9d33a54a1b34, type: 3}
      propertyPath: m_LocalPosition.z
      value: -0.035
      objectReference: {fileID: 0}
    - target: {fileID: -8679921383154817045, guid: c0c487084572f05469be9d33a54a1b34, type: 3}
      propertyPath: m_LocalRotation.w
      value: 0
      objectReference: {fileID: 0}
    - target: {fileID: -8679921383154817045, guid: c0c487084572f05469be9d33a54a1b34, type: 3}
      propertyPath: m_LocalRotation.x
      value: 0
      objectReference: {fileID: 0}
    - target: {fileID: -8679921383154817045, guid: c0c487084572f05469be9d33a54a1b34, type: 3}
      propertyPath: m_LocalRotation.y
      value: 1
      objectReference: {fileID: 0}
    - target: {fileID: -8679921383154817045, guid: c0c487084572f05469be9d33a54a1b34, type: 3}
      propertyPath: m_LocalRotation.z
      value: 0
      objectReference: {fileID: 0}
    - target: {fileID: -8679921383154817045, guid: c0c487084572f05469be9d33a54a1b34, type: 3}
      propertyPath: m_LocalEulerAnglesHint.x
      value: 0
      objectReference: {fileID: 0}
    - target: {fileID: -8679921383154817045, guid: c0c487084572f05469be9d33a54a1b34, type: 3}
      propertyPath: m_LocalEulerAnglesHint.y
      value: 180
      objectReference: {fileID: 0}
    - target: {fileID: -8679921383154817045, guid: c0c487084572f05469be9d33a54a1b34, type: 3}
      propertyPath: m_LocalEulerAnglesHint.z
      value: 0
      objectReference: {fileID: 0}
    - target: {fileID: 919132149155446097, guid: c0c487084572f05469be9d33a54a1b34, type: 3}
      propertyPath: m_Name
      value: Gaming Setup (17)
      objectReference: {fileID: 0}
    m_RemovedComponents: []
  m_SourcePrefab: {fileID: 100100000, guid: c0c487084572f05469be9d33a54a1b34, type: 3}
--- !u!4 &7690807598409234760 stripped
Transform:
  m_CorrespondingSourceObject: {fileID: -8679921383154817045, guid: c0c487084572f05469be9d33a54a1b34, type: 3}
  m_PrefabInstance: {fileID: 7868217075715792547}
  m_PrefabAsset: {fileID: 0}
--- !u!1001 &9049660035354051097
PrefabInstance:
  m_ObjectHideFlags: 0
  serializedVersion: 2
  m_Modification:
    m_TransformParent: {fileID: 3170864220874900222}
    m_Modifications:
    - target: {fileID: -8679921383154817045, guid: c0c487084572f05469be9d33a54a1b34, type: 3}
      propertyPath: m_RootOrder
      value: 16
      objectReference: {fileID: 0}
    - target: {fileID: -8679921383154817045, guid: c0c487084572f05469be9d33a54a1b34, type: 3}
      propertyPath: m_LocalPosition.x
      value: 0.5999999
      objectReference: {fileID: 0}
    - target: {fileID: -8679921383154817045, guid: c0c487084572f05469be9d33a54a1b34, type: 3}
      propertyPath: m_LocalPosition.y
      value: 1.252
      objectReference: {fileID: 0}
    - target: {fileID: -8679921383154817045, guid: c0c487084572f05469be9d33a54a1b34, type: 3}
      propertyPath: m_LocalPosition.z
      value: -0.035
      objectReference: {fileID: 0}
    - target: {fileID: -8679921383154817045, guid: c0c487084572f05469be9d33a54a1b34, type: 3}
      propertyPath: m_LocalRotation.w
      value: 0
      objectReference: {fileID: 0}
    - target: {fileID: -8679921383154817045, guid: c0c487084572f05469be9d33a54a1b34, type: 3}
      propertyPath: m_LocalRotation.x
      value: 0
      objectReference: {fileID: 0}
    - target: {fileID: -8679921383154817045, guid: c0c487084572f05469be9d33a54a1b34, type: 3}
      propertyPath: m_LocalRotation.y
      value: 1
      objectReference: {fileID: 0}
    - target: {fileID: -8679921383154817045, guid: c0c487084572f05469be9d33a54a1b34, type: 3}
      propertyPath: m_LocalRotation.z
      value: 0
      objectReference: {fileID: 0}
    - target: {fileID: -8679921383154817045, guid: c0c487084572f05469be9d33a54a1b34, type: 3}
      propertyPath: m_LocalEulerAnglesHint.x
      value: 0
      objectReference: {fileID: 0}
    - target: {fileID: -8679921383154817045, guid: c0c487084572f05469be9d33a54a1b34, type: 3}
      propertyPath: m_LocalEulerAnglesHint.y
      value: 180
      objectReference: {fileID: 0}
    - target: {fileID: -8679921383154817045, guid: c0c487084572f05469be9d33a54a1b34, type: 3}
      propertyPath: m_LocalEulerAnglesHint.z
      value: 0
      objectReference: {fileID: 0}
    - target: {fileID: 919132149155446097, guid: c0c487084572f05469be9d33a54a1b34, type: 3}
      propertyPath: m_Name
      value: Gaming Setup (19)
      objectReference: {fileID: 0}
    m_RemovedComponents: []
  m_SourcePrefab: {fileID: 100100000, guid: c0c487084572f05469be9d33a54a1b34, type: 3}
--- !u!4 &8799014045034128882 stripped
Transform:
  m_CorrespondingSourceObject: {fileID: -8679921383154817045, guid: c0c487084572f05469be9d33a54a1b34, type: 3}
  m_PrefabInstance: {fileID: 9049660035354051097}
  m_PrefabAsset: {fileID: 0}
