%YAML 1.1
%TAG !u! tag:unity3d.com,2011:
--- !u!1 &336659201851092600
GameObject:
  m_ObjectHideFlags: 0
  m_CorrespondingSourceObject: {fileID: 0}
  m_PrefabInstance: {fileID: 0}
  m_PrefabAsset: {fileID: 0}
  serializedVersion: 6
  m_Component:
  - component: {fileID: 4494805367288706095}
  - component: {fileID: 4594062839077221416}
  m_Layer: 0
  m_Name: Headphone_ShowCase 1
  m_TagString: Untagged
  m_Icon: {fileID: 0}
  m_NavMeshLayer: 0
  m_StaticEditorFlags: 0
  m_IsActive: 1
--- !u!4 &4494805367288706095
Transform:
  m_ObjectHideFlags: 0
  m_CorrespondingSourceObject: {fileID: 0}
  m_PrefabInstance: {fileID: 0}
  m_PrefabAsset: {fileID: 0}
  m_GameObject: {fileID: 336659201851092600}
  m_LocalRotation: {x: 0, y: 0, z: 0, w: 1}
  m_LocalPosition: {x: 2.7799997, y: 0.5, z: 1.457}
  m_LocalScale: {x: 1, y: 1, z: 1}
  m_Children:
  - {fileID: 4679897142909552173}
  - {fileID: 2324918378159246242}
  - {fileID: 926015898374954910}
  - {fileID: 6911531605315704661}
  - {fileID: 8452800769338047713}
  - {fileID: 2637129065615236765}
  - {fileID: 5370779854663683960}
  m_Father: {fileID: 0}
  m_RootOrder: 0
  m_LocalEulerAnglesHint: {x: 0, y: 0, z: 0}
--- !u!65 &4594062839077221416
BoxCollider:
  m_ObjectHideFlags: 0
  m_CorrespondingSourceObject: {fileID: 0}
  m_PrefabInstance: {fileID: 0}
  m_PrefabAsset: {fileID: 0}
  m_GameObject: {fileID: 336659201851092600}
  m_Material: {fileID: 0}
  m_IsTrigger: 0
  m_Enabled: 1
  serializedVersion: 2
  m_Size: {x: 1.4530089, y: 3.1074085, z: 1}
  m_Center: {x: 0, y: 1.053704, z: 0}
--- !u!1001 &816110241627093109
PrefabInstance:
  m_ObjectHideFlags: 0
  serializedVersion: 2
  m_Modification:
    m_TransformParent: {fileID: 4494805367288706095}
    m_Modifications:
    - target: {fileID: -8679921383154817045, guid: b61d4ef66c6d71944aa18ce489b399dd, type: 3}
      propertyPath: m_RootOrder
      value: 2
      objectReference: {fileID: 0}
    - target: {fileID: -8679921383154817045, guid: b61d4ef66c6d71944aa18ce489b399dd, type: 3}
      propertyPath: m_LocalPosition.x
      value: -0.022971587
      objectReference: {fileID: 0}
    - target: {fileID: -8679921383154817045, guid: b61d4ef66c6d71944aa18ce489b399dd, type: 3}
      propertyPath: m_LocalPosition.y
      value: 1.067
      objectReference: {fileID: 0}
    - target: {fileID: -8679921383154817045, guid: b61d4ef66c6d71944aa18ce489b399dd, type: 3}
      propertyPath: m_LocalPosition.z
      value: 0.324
      objectReference: {fileID: 0}
    - target: {fileID: -8679921383154817045, guid: b61d4ef66c6d71944aa18ce489b399dd, type: 3}
      propertyPath: m_LocalRotation.w
      value: 0.7071068
      objectReference: {fileID: 0}
    - target: {fileID: -8679921383154817045, guid: b61d4ef66c6d71944aa18ce489b399dd, type: 3}
      propertyPath: m_LocalRotation.x
      value: 0.7071068
      objectReference: {fileID: 0}
    - target: {fileID: -8679921383154817045, guid: b61d4ef66c6d71944aa18ce489b399dd, type: 3}
      propertyPath: m_LocalRotation.y
      value: 0
      objectReference: {fileID: 0}
    - target: {fileID: -8679921383154817045, guid: b61d4ef66c6d71944aa18ce489b399dd, type: 3}
      propertyPath: m_LocalRotation.z
      value: 0
      objectReference: {fileID: 0}
    - target: {fileID: -8679921383154817045, guid: b61d4ef66c6d71944aa18ce489b399dd, type: 3}
      propertyPath: m_LocalEulerAnglesHint.x
      value: 90
      objectReference: {fileID: 0}
    - target: {fileID: -8679921383154817045, guid: b61d4ef66c6d71944aa18ce489b399dd, type: 3}
      propertyPath: m_LocalEulerAnglesHint.y
      value: 0
      objectReference: {fileID: 0}
    - target: {fileID: -8679921383154817045, guid: b61d4ef66c6d71944aa18ce489b399dd, type: 3}
      propertyPath: m_LocalEulerAnglesHint.z
      value: 0
      objectReference: {fileID: 0}
    - target: {fileID: -7511558181221131132, guid: b61d4ef66c6d71944aa18ce489b399dd, type: 3}
      propertyPath: m_Materials.Array.data[0]
      value: 
      objectReference: {fileID: 2100000, guid: 320eaf749569a2a42972434c9dce8e2b, type: 2}
    - target: {fileID: 919132149155446097, guid: b61d4ef66c6d71944aa18ce489b399dd, type: 3}
      propertyPath: m_Name
      value: Headphone 2 (1)
      objectReference: {fileID: 0}
    - target: {fileID: 919132149155446097, guid: b61d4ef66c6d71944aa18ce489b399dd, type: 3}
      propertyPath: m_IsActive
      value: 0
      objectReference: {fileID: 0}
    m_RemovedComponents: []
  m_SourcePrefab: {fileID: 100100000, guid: b61d4ef66c6d71944aa18ce489b399dd, type: 3}
--- !u!4 &926015898374954910 stripped
Transform:
  m_CorrespondingSourceObject: {fileID: -8679921383154817045, guid: b61d4ef66c6d71944aa18ce489b399dd, type: 3}
  m_PrefabInstance: {fileID: 816110241627093109}
  m_PrefabAsset: {fileID: 0}
--- !u!1001 &2527169841210063222
PrefabInstance:
  m_ObjectHideFlags: 0
  serializedVersion: 2
  m_Modification:
    m_TransformParent: {fileID: 4494805367288706095}
    m_Modifications:
    - target: {fileID: -8679921383154817045, guid: b61d4ef66c6d71944aa18ce489b399dd, type: 3}
      propertyPath: m_RootOrder
      value: 5
      objectReference: {fileID: 0}
    - target: {fileID: -8679921383154817045, guid: b61d4ef66c6d71944aa18ce489b399dd, type: 3}
      propertyPath: m_LocalPosition.x
      value: -0.17499992
      objectReference: {fileID: 0}
    - target: {fileID: -8679921383154817045, guid: b61d4ef66c6d71944aa18ce489b399dd, type: 3}
      propertyPath: m_LocalPosition.y
      value: 2.101
      objectReference: {fileID: 0}
    - target: {fileID: -8679921383154817045, guid: b61d4ef66c6d71944aa18ce489b399dd, type: 3}
      propertyPath: m_LocalPosition.z
      value: 0
      objectReference: {fileID: 0}
    - target: {fileID: -8679921383154817045, guid: b61d4ef66c6d71944aa18ce489b399dd, type: 3}
      propertyPath: m_LocalRotation.w
      value: 0.5
      objectReference: {fileID: 0}
    - target: {fileID: -8679921383154817045, guid: b61d4ef66c6d71944aa18ce489b399dd, type: 3}
      propertyPath: m_LocalRotation.x
      value: 0.5
      objectReference: {fileID: 0}
    - target: {fileID: -8679921383154817045, guid: b61d4ef66c6d71944aa18ce489b399dd, type: 3}
      propertyPath: m_LocalRotation.y
      value: 0.5
      objectReference: {fileID: 0}
    - target: {fileID: -8679921383154817045, guid: b61d4ef66c6d71944aa18ce489b399dd, type: 3}
      propertyPath: m_LocalRotation.z
      value: -0.5
      objectReference: {fileID: 0}
    - target: {fileID: -8679921383154817045, guid: b61d4ef66c6d71944aa18ce489b399dd, type: 3}
      propertyPath: m_LocalEulerAnglesHint.x
      value: 90
      objectReference: {fileID: 0}
    - target: {fileID: -8679921383154817045, guid: b61d4ef66c6d71944aa18ce489b399dd, type: 3}
      propertyPath: m_LocalEulerAnglesHint.y
      value: 90
      objectReference: {fileID: 0}
    - target: {fileID: -8679921383154817045, guid: b61d4ef66c6d71944aa18ce489b399dd, type: 3}
      propertyPath: m_LocalEulerAnglesHint.z
      value: 0
      objectReference: {fileID: 0}
    - target: {fileID: -7511558181221131132, guid: b61d4ef66c6d71944aa18ce489b399dd, type: 3}
      propertyPath: m_Materials.Array.data[0]
      value: 
      objectReference: {fileID: 2100000, guid: 320eaf749569a2a42972434c9dce8e2b, type: 2}
    - target: {fileID: 919132149155446097, guid: b61d4ef66c6d71944aa18ce489b399dd, type: 3}
      propertyPath: m_Name
      value: Headphone 2 (4)
      objectReference: {fileID: 0}
    - target: {fileID: 919132149155446097, guid: b61d4ef66c6d71944aa18ce489b399dd, type: 3}
      propertyPath: m_IsActive
      value: 0
      objectReference: {fileID: 0}
    m_RemovedComponents: []
  m_SourcePrefab: {fileID: 100100000, guid: b61d4ef66c6d71944aa18ce489b399dd, type: 3}
--- !u!4 &2637129065615236765 stripped
Transform:
  m_CorrespondingSourceObject: {fileID: -8679921383154817045, guid: b61d4ef66c6d71944aa18ce489b399dd, type: 3}
  m_PrefabInstance: {fileID: 2527169841210063222}
  m_PrefabAsset: {fileID: 0}
--- !u!1001 &2866960691255372873
PrefabInstance:
  m_ObjectHideFlags: 0
  serializedVersion: 2
  m_Modification:
    m_TransformParent: {fileID: 4494805367288706095}
    m_Modifications:
    - target: {fileID: -8679921383154817045, guid: b61d4ef66c6d71944aa18ce489b399dd, type: 3}
      propertyPath: m_RootOrder
      value: 1
      objectReference: {fileID: 0}
    - target: {fileID: -8679921383154817045, guid: b61d4ef66c6d71944aa18ce489b399dd, type: 3}
      propertyPath: m_LocalPosition.x
      value: -0.022971587
      objectReference: {fileID: 0}
    - target: {fileID: -8679921383154817045, guid: b61d4ef66c6d71944aa18ce489b399dd, type: 3}
      propertyPath: m_LocalPosition.y
      value: 1.067
      objectReference: {fileID: 0}
    - target: {fileID: -8679921383154817045, guid: b61d4ef66c6d71944aa18ce489b399dd, type: 3}
      propertyPath: m_LocalPosition.z
      value: -0.018640054
      objectReference: {fileID: 0}
    - target: {fileID: -8679921383154817045, guid: b61d4ef66c6d71944aa18ce489b399dd, type: 3}
      propertyPath: m_LocalRotation.w
      value: 0.7071068
      objectReference: {fileID: 0}
    - target: {fileID: -8679921383154817045, guid: b61d4ef66c6d71944aa18ce489b399dd, type: 3}
      propertyPath: m_LocalRotation.x
      value: 0.7071068
      objectReference: {fileID: 0}
    - target: {fileID: -8679921383154817045, guid: b61d4ef66c6d71944aa18ce489b399dd, type: 3}
      propertyPath: m_LocalRotation.y
      value: 0
      objectReference: {fileID: 0}
    - target: {fileID: -8679921383154817045, guid: b61d4ef66c6d71944aa18ce489b399dd, type: 3}
      propertyPath: m_LocalRotation.z
      value: 0
      objectReference: {fileID: 0}
    - target: {fileID: -8679921383154817045, guid: b61d4ef66c6d71944aa18ce489b399dd, type: 3}
      propertyPath: m_LocalEulerAnglesHint.x
      value: 90
      objectReference: {fileID: 0}
    - target: {fileID: -8679921383154817045, guid: b61d4ef66c6d71944aa18ce489b399dd, type: 3}
      propertyPath: m_LocalEulerAnglesHint.y
      value: 0
      objectReference: {fileID: 0}
    - target: {fileID: -8679921383154817045, guid: b61d4ef66c6d71944aa18ce489b399dd, type: 3}
      propertyPath: m_LocalEulerAnglesHint.z
      value: 0
      objectReference: {fileID: 0}
    - target: {fileID: -7511558181221131132, guid: b61d4ef66c6d71944aa18ce489b399dd, type: 3}
      propertyPath: m_Materials.Array.data[0]
      value: 
      objectReference: {fileID: 2100000, guid: 320eaf749569a2a42972434c9dce8e2b, type: 2}
    - target: {fileID: 919132149155446097, guid: b61d4ef66c6d71944aa18ce489b399dd, type: 3}
      propertyPath: m_Name
      value: Headphone 2
      objectReference: {fileID: 0}
    m_RemovedComponents: []
  m_SourcePrefab: {fileID: 100100000, guid: b61d4ef66c6d71944aa18ce489b399dd, type: 3}
--- !u!4 &2324918378159246242 stripped
Transform:
  m_CorrespondingSourceObject: {fileID: -8679921383154817045, guid: b61d4ef66c6d71944aa18ce489b399dd, type: 3}
  m_PrefabInstance: {fileID: 2866960691255372873}
  m_PrefabAsset: {fileID: 0}
--- !u!1001 &5150126575529763270
PrefabInstance:
  m_ObjectHideFlags: 0
  serializedVersion: 2
  m_Modification:
    m_TransformParent: {fileID: 4494805367288706095}
    m_Modifications:
    - target: {fileID: -8679921383154817045, guid: effb374bb57ff4b499287d1920319d08, type: 3}
      propertyPath: m_RootOrder
      value: 0
      objectReference: {fileID: 0}
    - target: {fileID: -8679921383154817045, guid: effb374bb57ff4b499287d1920319d08, type: 3}
      propertyPath: m_LocalPosition.x
      value: 0
      objectReference: {fileID: 0}
    - target: {fileID: -8679921383154817045, guid: effb374bb57ff4b499287d1920319d08, type: 3}
      propertyPath: m_LocalPosition.y
      value: 1
      objectReference: {fileID: 0}
    - target: {fileID: -8679921383154817045, guid: effb374bb57ff4b499287d1920319d08, type: 3}
      propertyPath: m_LocalPosition.z
      value: 0
      objectReference: {fileID: 0}
    - target: {fileID: -8679921383154817045, guid: effb374bb57ff4b499287d1920319d08, type: 3}
      propertyPath: m_LocalRotation.w
      value: 1
      objectReference: {fileID: 0}
    - target: {fileID: -8679921383154817045, guid: effb374bb57ff4b499287d1920319d08, type: 3}
      propertyPath: m_LocalRotation.x
      value: 0
      objectReference: {fileID: 0}
    - target: {fileID: -8679921383154817045, guid: effb374bb57ff4b499287d1920319d08, type: 3}
      propertyPath: m_LocalRotation.y
      value: 0
      objectReference: {fileID: 0}
    - target: {fileID: -8679921383154817045, guid: effb374bb57ff4b499287d1920319d08, type: 3}
      propertyPath: m_LocalRotation.z
      value: 0
      objectReference: {fileID: 0}
    - target: {fileID: -8679921383154817045, guid: effb374bb57ff4b499287d1920319d08, type: 3}
      propertyPath: m_LocalEulerAnglesHint.x
      value: 0
      objectReference: {fileID: 0}
    - target: {fileID: -8679921383154817045, guid: effb374bb57ff4b499287d1920319d08, type: 3}
      propertyPath: m_LocalEulerAnglesHint.y
      value: 0
      objectReference: {fileID: 0}
    - target: {fileID: -8679921383154817045, guid: effb374bb57ff4b499287d1920319d08, type: 3}
      propertyPath: m_LocalEulerAnglesHint.z
      value: 0
      objectReference: {fileID: 0}
    - target: {fileID: -7511558181221131132, guid: effb374bb57ff4b499287d1920319d08, type: 3}
      propertyPath: m_Materials.Array.data[0]
      value: 
      objectReference: {fileID: 2100000, guid: 320eaf749569a2a42972434c9dce8e2b, type: 2}
    - target: {fileID: 919132149155446097, guid: effb374bb57ff4b499287d1920319d08, type: 3}
      propertyPath: m_Name
      value: headphone rack
      objectReference: {fileID: 0}
    m_RemovedComponents: []
  m_SourcePrefab: {fileID: 100100000, guid: effb374bb57ff4b499287d1920319d08, type: 3}
--- !u!4 &4679897142909552173 stripped
Transform:
  m_CorrespondingSourceObject: {fileID: -8679921383154817045, guid: effb374bb57ff4b499287d1920319d08, type: 3}
  m_PrefabInstance: {fileID: 5150126575529763270}
  m_PrefabAsset: {fileID: 0}
--- !u!1001 &5549119388817352851
PrefabInstance:
  m_ObjectHideFlags: 0
  serializedVersion: 2
  m_Modification:
    m_TransformParent: {fileID: 4494805367288706095}
    m_Modifications:
    - target: {fileID: -8679921383154817045, guid: b61d4ef66c6d71944aa18ce489b399dd, type: 3}
      propertyPath: m_RootOrder
      value: 6
      objectReference: {fileID: 0}
    - target: {fileID: -8679921383154817045, guid: b61d4ef66c6d71944aa18ce489b399dd, type: 3}
      propertyPath: m_LocalPosition.x
      value: -0.502
      objectReference: {fileID: 0}
    - target: {fileID: -8679921383154817045, guid: b61d4ef66c6d71944aa18ce489b399dd, type: 3}
      propertyPath: m_LocalPosition.y
      value: 2.101
      objectReference: {fileID: 0}
    - target: {fileID: -8679921383154817045, guid: b61d4ef66c6d71944aa18ce489b399dd, type: 3}
      propertyPath: m_LocalPosition.z
      value: 0
      objectReference: {fileID: 0}
    - target: {fileID: -8679921383154817045, guid: b61d4ef66c6d71944aa18ce489b399dd, type: 3}
      propertyPath: m_LocalRotation.w
      value: 0.5
      objectReference: {fileID: 0}
    - target: {fileID: -8679921383154817045, guid: b61d4ef66c6d71944aa18ce489b399dd, type: 3}
      propertyPath: m_LocalRotation.x
      value: 0.5
      objectReference: {fileID: 0}
    - target: {fileID: -8679921383154817045, guid: b61d4ef66c6d71944aa18ce489b399dd, type: 3}
      propertyPath: m_LocalRotation.y
      value: 0.5
      objectReference: {fileID: 0}
    - target: {fileID: -8679921383154817045, guid: b61d4ef66c6d71944aa18ce489b399dd, type: 3}
      propertyPath: m_LocalRotation.z
      value: -0.5
      objectReference: {fileID: 0}
    - target: {fileID: -8679921383154817045, guid: b61d4ef66c6d71944aa18ce489b399dd, type: 3}
      propertyPath: m_LocalEulerAnglesHint.x
      value: 90
      objectReference: {fileID: 0}
    - target: {fileID: -8679921383154817045, guid: b61d4ef66c6d71944aa18ce489b399dd, type: 3}
      propertyPath: m_LocalEulerAnglesHint.y
      value: 90
      objectReference: {fileID: 0}
    - target: {fileID: -8679921383154817045, guid: b61d4ef66c6d71944aa18ce489b399dd, type: 3}
      propertyPath: m_LocalEulerAnglesHint.z
      value: 0
      objectReference: {fileID: 0}
    - target: {fileID: -7511558181221131132, guid: b61d4ef66c6d71944aa18ce489b399dd, type: 3}
      propertyPath: m_Materials.Array.data[0]
      value: 
      objectReference: {fileID: 2100000, guid: 320eaf749569a2a42972434c9dce8e2b, type: 2}
    - target: {fileID: 919132149155446097, guid: b61d4ef66c6d71944aa18ce489b399dd, type: 3}
      propertyPath: m_Name
      value: Headphone 2 (5)
      objectReference: {fileID: 0}
    m_RemovedComponents: []
  m_SourcePrefab: {fileID: 100100000, guid: b61d4ef66c6d71944aa18ce489b399dd, type: 3}
--- !u!4 &5370779854663683960 stripped
Transform:
  m_CorrespondingSourceObject: {fileID: -8679921383154817045, guid: b61d4ef66c6d71944aa18ce489b399dd, type: 3}
  m_PrefabInstance: {fileID: 5549119388817352851}
  m_PrefabAsset: {fileID: 0}
--- !u!1001 &6368098794588287166
PrefabInstance:
  m_ObjectHideFlags: 0
  serializedVersion: 2
  m_Modification:
    m_TransformParent: {fileID: 4494805367288706095}
    m_Modifications:
    - target: {fileID: -8679921383154817045, guid: b61d4ef66c6d71944aa18ce489b399dd, type: 3}
      propertyPath: m_RootOrder
      value: 3
      objectReference: {fileID: 0}
    - target: {fileID: -8679921383154817045, guid: b61d4ef66c6d71944aa18ce489b399dd, type: 3}
      propertyPath: m_LocalPosition.x
      value: 0.45499995
      objectReference: {fileID: 0}
    - target: {fileID: -8679921383154817045, guid: b61d4ef66c6d71944aa18ce489b399dd, type: 3}
      propertyPath: m_LocalPosition.y
      value: 1.592
      objectReference: {fileID: 0}
    - target: {fileID: -8679921383154817045, guid: b61d4ef66c6d71944aa18ce489b399dd, type: 3}
      propertyPath: m_LocalPosition.z
      value: 0
      objectReference: {fileID: 0}
    - target: {fileID: -8679921383154817045, guid: b61d4ef66c6d71944aa18ce489b399dd, type: 3}
      propertyPath: m_LocalRotation.w
      value: 0.5
      objectReference: {fileID: 0}
    - target: {fileID: -8679921383154817045, guid: b61d4ef66c6d71944aa18ce489b399dd, type: 3}
      propertyPath: m_LocalRotation.x
      value: 0.5
      objectReference: {fileID: 0}
    - target: {fileID: -8679921383154817045, guid: b61d4ef66c6d71944aa18ce489b399dd, type: 3}
      propertyPath: m_LocalRotation.y
      value: 0.5
      objectReference: {fileID: 0}
    - target: {fileID: -8679921383154817045, guid: b61d4ef66c6d71944aa18ce489b399dd, type: 3}
      propertyPath: m_LocalRotation.z
      value: -0.5
      objectReference: {fileID: 0}
    - target: {fileID: -8679921383154817045, guid: b61d4ef66c6d71944aa18ce489b399dd, type: 3}
      propertyPath: m_LocalEulerAnglesHint.x
      value: 90
      objectReference: {fileID: 0}
    - target: {fileID: -8679921383154817045, guid: b61d4ef66c6d71944aa18ce489b399dd, type: 3}
      propertyPath: m_LocalEulerAnglesHint.y
      value: 90
      objectReference: {fileID: 0}
    - target: {fileID: -8679921383154817045, guid: b61d4ef66c6d71944aa18ce489b399dd, type: 3}
      propertyPath: m_LocalEulerAnglesHint.z
      value: 0
      objectReference: {fileID: 0}
    - target: {fileID: -7511558181221131132, guid: b61d4ef66c6d71944aa18ce489b399dd, type: 3}
      propertyPath: m_Materials.Array.data[0]
      value: 
      objectReference: {fileID: 2100000, guid: 320eaf749569a2a42972434c9dce8e2b, type: 2}
    - target: {fileID: 919132149155446097, guid: b61d4ef66c6d71944aa18ce489b399dd, type: 3}
      propertyPath: m_Name
      value: Headphone 2 (2)
      objectReference: {fileID: 0}
    m_RemovedComponents: []
  m_SourcePrefab: {fileID: 100100000, guid: b61d4ef66c6d71944aa18ce489b399dd, type: 3}
--- !u!4 &6911531605315704661 stripped
Transform:
  m_CorrespondingSourceObject: {fileID: -8679921383154817045, guid: b61d4ef66c6d71944aa18ce489b399dd, type: 3}
  m_PrefabInstance: {fileID: 6368098794588287166}
  m_PrefabAsset: {fileID: 0}
--- !u!1001 &8269973404199131914
PrefabInstance:
  m_ObjectHideFlags: 0
  serializedVersion: 2
  m_Modification:
    m_TransformParent: {fileID: 4494805367288706095}
    m_Modifications:
    - target: {fileID: -8679921383154817045, guid: b61d4ef66c6d71944aa18ce489b399dd, type: 3}
      propertyPath: m_RootOrder
      value: 4
      objectReference: {fileID: 0}
    - target: {fileID: -8679921383154817045, guid: b61d4ef66c6d71944aa18ce489b399dd, type: 3}
      propertyPath: m_LocalPosition.x
      value: 0.128
      objectReference: {fileID: 0}
    - target: {fileID: -8679921383154817045, guid: b61d4ef66c6d71944aa18ce489b399dd, type: 3}
      propertyPath: m_LocalPosition.y
      value: 1.592
      objectReference: {fileID: 0}
    - target: {fileID: -8679921383154817045, guid: b61d4ef66c6d71944aa18ce489b399dd, type: 3}
      propertyPath: m_LocalPosition.z
      value: 0
      objectReference: {fileID: 0}
    - target: {fileID: -8679921383154817045, guid: b61d4ef66c6d71944aa18ce489b399dd, type: 3}
      propertyPath: m_LocalRotation.w
      value: 0.5
      objectReference: {fileID: 0}
    - target: {fileID: -8679921383154817045, guid: b61d4ef66c6d71944aa18ce489b399dd, type: 3}
      propertyPath: m_LocalRotation.x
      value: 0.5
      objectReference: {fileID: 0}
    - target: {fileID: -8679921383154817045, guid: b61d4ef66c6d71944aa18ce489b399dd, type: 3}
      propertyPath: m_LocalRotation.y
      value: 0.5
      objectReference: {fileID: 0}
    - target: {fileID: -8679921383154817045, guid: b61d4ef66c6d71944aa18ce489b399dd, type: 3}
      propertyPath: m_LocalRotation.z
      value: -0.5
      objectReference: {fileID: 0}
    - target: {fileID: -8679921383154817045, guid: b61d4ef66c6d71944aa18ce489b399dd, type: 3}
      propertyPath: m_LocalEulerAnglesHint.x
      value: 90
      objectReference: {fileID: 0}
    - target: {fileID: -8679921383154817045, guid: b61d4ef66c6d71944aa18ce489b399dd, type: 3}
      propertyPath: m_LocalEulerAnglesHint.y
      value: 90
      objectReference: {fileID: 0}
    - target: {fileID: -8679921383154817045, guid: b61d4ef66c6d71944aa18ce489b399dd, type: 3}
      propertyPath: m_LocalEulerAnglesHint.z
      value: 0
      objectReference: {fileID: 0}
    - target: {fileID: -7511558181221131132, guid: b61d4ef66c6d71944aa18ce489b399dd, type: 3}
      propertyPath: m_Materials.Array.data[0]
      value: 
      objectReference: {fileID: 2100000, guid: 320eaf749569a2a42972434c9dce8e2b, type: 2}
    - target: {fileID: 919132149155446097, guid: b61d4ef66c6d71944aa18ce489b399dd, type: 3}
      propertyPath: m_Name
      value: Headphone 2 (3)
      objectReference: {fileID: 0}
    m_RemovedComponents: []
  m_SourcePrefab: {fileID: 100100000, guid: b61d4ef66c6d71944aa18ce489b399dd, type: 3}
--- !u!4 &8452800769338047713 stripped
Transform:
  m_CorrespondingSourceObject: {fileID: -8679921383154817045, guid: b61d4ef66c6d71944aa18ce489b399dd, type: 3}
  m_PrefabInstance: {fileID: 8269973404199131914}
  m_PrefabAsset: {fileID: 0}
