%YAML 1.1
%TAG !u! tag:unity3d.com,2011:
--- !u!1 &657591111892230522
GameObject:
  m_ObjectHideFlags: 0
  m_CorrespondingSourceObject: {fileID: 0}
  m_PrefabInstance: {fileID: 0}
  m_PrefabAsset: {fileID: 0}
  serializedVersion: 6
  m_Component:
  - component: {fileID: 1490608787133156255}
  m_Layer: 0
  m_Name: Laptop_ShowCase 1
  m_TagString: Untagged
  m_Icon: {fileID: 0}
  m_NavMeshLayer: 0
  m_StaticEditorFlags: 0
  m_IsActive: 1
--- !u!4 &1490608787133156255
Transform:
  m_ObjectHideFlags: 0
  m_CorrespondingSourceObject: {fileID: 0}
  m_PrefabInstance: {fileID: 0}
  m_PrefabAsset: {fileID: 0}
  m_GameObject: {fileID: 657591111892230522}
  m_LocalRotation: {x: 0, y: 0, z: 0, w: 1}
  m_LocalPosition: {x: 0, y: 2.74, z: 0}
  m_LocalScale: {x: 1, y: 1, z: 1}
  m_Children:
  - {fileID: 413668011356500434}
  - {fileID: 8909088605337357045}
  - {fileID: 8071363160453801007}
  m_Father: {fileID: 0}
  m_RootOrder: 0
  m_LocalEulerAnglesHint: {x: 0, y: 0, z: 0}
--- !u!1001 &159628885521454649
PrefabInstance:
  m_ObjectHideFlags: 0
  serializedVersion: 2
  m_Modification:
    m_TransformParent: {fileID: 1490608787133156255}
    m_Modifications:
    - target: {fileID: -8679921383154817045, guid: cf5ab68e0e244f24f91dfccd471c1102, type: 3}
      propertyPath: m_RootOrder
      value: 0
      objectReference: {fileID: 0}
    - target: {fileID: -8679921383154817045, guid: cf5ab68e0e244f24f91dfccd471c1102, type: 3}
      propertyPath: m_LocalPosition.x
      value: 0
      objectReference: {fileID: 0}
    - target: {fileID: -8679921383154817045, guid: cf5ab68e0e244f24f91dfccd471c1102, type: 3}
      propertyPath: m_LocalPosition.y
      value: 0
      objectReference: {fileID: 0}
    - target: {fileID: -8679921383154817045, guid: cf5ab68e0e244f24f91dfccd471c1102, type: 3}
      propertyPath: m_LocalPosition.z
      value: 0
      objectReference: {fileID: 0}
    - target: {fileID: -8679921383154817045, guid: cf5ab68e0e244f24f91dfccd471c1102, type: 3}
      propertyPath: m_LocalRotation.w
      value: 1
      objectReference: {fileID: 0}
    - target: {fileID: -8679921383154817045, guid: cf5ab68e0e244f24f91dfccd471c1102, type: 3}
      propertyPath: m_LocalRotation.x
      value: 0
      objectReference: {fileID: 0}
    - target: {fileID: -8679921383154817045, guid: cf5ab68e0e244f24f91dfccd471c1102, type: 3}
      propertyPath: m_LocalRotation.y
      value: -0
      objectReference: {fileID: 0}
    - target: {fileID: -8679921383154817045, guid: cf5ab68e0e244f24f91dfccd471c1102, type: 3}
      propertyPath: m_LocalRotation.z
      value: -0
      objectReference: {fileID: 0}
    - target: {fileID: -8679921383154817045, guid: cf5ab68e0e244f24f91dfccd471c1102, type: 3}
      propertyPath: m_LocalEulerAnglesHint.x
      value: 0
      objectReference: {fileID: 0}
    - target: {fileID: -8679921383154817045, guid: cf5ab68e0e244f24f91dfccd471c1102, type: 3}
      propertyPath: m_LocalEulerAnglesHint.y
      value: 0
      objectReference: {fileID: 0}
    - target: {fileID: -8679921383154817045, guid: cf5ab68e0e244f24f91dfccd471c1102, type: 3}
      propertyPath: m_LocalEulerAnglesHint.z
      value: 0
      objectReference: {fileID: 0}
    - target: {fileID: -7511558181221131132, guid: cf5ab68e0e244f24f91dfccd471c1102, type: 3}
      propertyPath: m_Materials.Array.data[0]
      value: 
      objectReference: {fileID: 2100000, guid: 46354abecfbf64c4697d5ea5964bf26a, type: 2}
    - target: {fileID: 919132149155446097, guid: cf5ab68e0e244f24f91dfccd471c1102, type: 3}
      propertyPath: m_Name
      value: Lap_Mob table
      objectReference: {fileID: 0}
    m_RemovedComponents: []
  m_SourcePrefab: {fileID: 100100000, guid: cf5ab68e0e244f24f91dfccd471c1102, type: 3}
--- !u!4 &413668011356500434 stripped
Transform:
  m_CorrespondingSourceObject: {fileID: -8679921383154817045, guid: cf5ab68e0e244f24f91dfccd471c1102, type: 3}
  m_PrefabInstance: {fileID: 159628885521454649}
  m_PrefabAsset: {fileID: 0}
--- !u!1001 &8073882755355685869
PrefabInstance:
  m_ObjectHideFlags: 0
  serializedVersion: 2
  m_Modification:
    m_TransformParent: {fileID: 1490608787133156255}
    m_Modifications:
    - target: {fileID: 1179622459644578, guid: f0c2d9c0796a76d428d02150209c6d26, type: 3}
      propertyPath: m_Name
      value: Laptop_Off
      objectReference: {fileID: 0}
    - target: {fileID: 1179622459644578, guid: f0c2d9c0796a76d428d02150209c6d26, type: 3}
      propertyPath: m_IsActive
      value: 0
      objectReference: {fileID: 0}
    - target: {fileID: 4239241825834946, guid: f0c2d9c0796a76d428d02150209c6d26, type: 3}
      propertyPath: m_RootOrder
      value: 2
      objectReference: {fileID: 0}
    - target: {fileID: 4239241825834946, guid: f0c2d9c0796a76d428d02150209c6d26, type: 3}
      propertyPath: m_LocalScale.x
      value: 3
      objectReference: {fileID: 0}
    - target: {fileID: 4239241825834946, guid: f0c2d9c0796a76d428d02150209c6d26, type: 3}
      propertyPath: m_LocalScale.y
      value: 3
      objectReference: {fileID: 0}
    - target: {fileID: 4239241825834946, guid: f0c2d9c0796a76d428d02150209c6d26, type: 3}
      propertyPath: m_LocalScale.z
      value: 3
      objectReference: {fileID: 0}
    - target: {fileID: 4239241825834946, guid: f0c2d9c0796a76d428d02150209c6d26, type: 3}
      propertyPath: m_LocalPosition.x
      value: 0
      objectReference: {fileID: 0}
    - target: {fileID: 4239241825834946, guid: f0c2d9c0796a76d428d02150209c6d26, type: 3}
      propertyPath: m_LocalPosition.y
      value: 0.37
      objectReference: {fileID: 0}
    - target: {fileID: 4239241825834946, guid: f0c2d9c0796a76d428d02150209c6d26, type: 3}
      propertyPath: m_LocalPosition.z
      value: -0.08
      objectReference: {fileID: 0}
    - target: {fileID: 4239241825834946, guid: f0c2d9c0796a76d428d02150209c6d26, type: 3}
      propertyPath: m_LocalRotation.w
      value: 0
      objectReference: {fileID: 0}
    - target: {fileID: 4239241825834946, guid: f0c2d9c0796a76d428d02150209c6d26, type: 3}
      propertyPath: m_LocalRotation.x
      value: -0
      objectReference: {fileID: 0}
    - target: {fileID: 4239241825834946, guid: f0c2d9c0796a76d428d02150209c6d26, type: 3}
      propertyPath: m_LocalRotation.y
      value: 1
      objectReference: {fileID: 0}
    - target: {fileID: 4239241825834946, guid: f0c2d9c0796a76d428d02150209c6d26, type: 3}
      propertyPath: m_LocalRotation.z
      value: -0.000000021855694
      objectReference: {fileID: 0}
    - target: {fileID: 4239241825834946, guid: f0c2d9c0796a76d428d02150209c6d26, type: 3}
      propertyPath: m_LocalEulerAnglesHint.x
      value: 0
      objectReference: {fileID: 0}
    - target: {fileID: 4239241825834946, guid: f0c2d9c0796a76d428d02150209c6d26, type: 3}
      propertyPath: m_LocalEulerAnglesHint.y
      value: 0
      objectReference: {fileID: 0}
    - target: {fileID: 4239241825834946, guid: f0c2d9c0796a76d428d02150209c6d26, type: 3}
      propertyPath: m_LocalEulerAnglesHint.z
      value: 0
      objectReference: {fileID: 0}
    - target: {fileID: 65763723568189142, guid: f0c2d9c0796a76d428d02150209c6d26, type: 3}
      propertyPath: m_Enabled
      value: 0
      objectReference: {fileID: 0}
    m_RemovedComponents: []
  m_SourcePrefab: {fileID: 100100000, guid: f0c2d9c0796a76d428d02150209c6d26, type: 3}
--- !u!4 &8071363160453801007 stripped
Transform:
  m_CorrespondingSourceObject: {fileID: 4239241825834946, guid: f0c2d9c0796a76d428d02150209c6d26, type: 3}
  m_PrefabInstance: {fileID: 8073882755355685869}
  m_PrefabAsset: {fileID: 0}
--- !u!1001 &8911623193059668949
PrefabInstance:
  m_ObjectHideFlags: 0
  serializedVersion: 2
  m_Modification:
    m_TransformParent: {fileID: 1490608787133156255}
    m_Modifications:
    - target: {fileID: 1382680370001608, guid: 112cc81e36e745449bf229e4dbb3e073, type: 3}
      propertyPath: m_Name
      value: Laptop_On
      objectReference: {fileID: 0}
    - target: {fileID: 4225381643663648, guid: 112cc81e36e745449bf229e4dbb3e073, type: 3}
      propertyPath: m_RootOrder
      value: 1
      objectReference: {fileID: 0}
    - target: {fileID: 4225381643663648, guid: 112cc81e36e745449bf229e4dbb3e073, type: 3}
      propertyPath: m_LocalScale.x
      value: 3
      objectReference: {fileID: 0}
    - target: {fileID: 4225381643663648, guid: 112cc81e36e745449bf229e4dbb3e073, type: 3}
      propertyPath: m_LocalScale.y
      value: 3
      objectReference: {fileID: 0}
    - target: {fileID: 4225381643663648, guid: 112cc81e36e745449bf229e4dbb3e073, type: 3}
      propertyPath: m_LocalScale.z
      value: 3
      objectReference: {fileID: 0}
    - target: {fileID: 4225381643663648, guid: 112cc81e36e745449bf229e4dbb3e073, type: 3}
      propertyPath: m_LocalPosition.x
      value: 0
      objectReference: {fileID: 0}
    - target: {fileID: 4225381643663648, guid: 112cc81e36e745449bf229e4dbb3e073, type: 3}
      propertyPath: m_LocalPosition.y
      value: 0.37000012
      objectReference: {fileID: 0}
    - target: {fileID: 4225381643663648, guid: 112cc81e36e745449bf229e4dbb3e073, type: 3}
      propertyPath: m_LocalPosition.z
      value: -0.08
      objectReference: {fileID: 0}
    - target: {fileID: 4225381643663648, guid: 112cc81e36e745449bf229e4dbb3e073, type: 3}
      propertyPath: m_LocalRotation.w
      value: 0
      objectReference: {fileID: 0}
    - target: {fileID: 4225381643663648, guid: 112cc81e36e745449bf229e4dbb3e073, type: 3}
      propertyPath: m_LocalRotation.x
      value: -0
      objectReference: {fileID: 0}
    - target: {fileID: 4225381643663648, guid: 112cc81e36e745449bf229e4dbb3e073, type: 3}
      propertyPath: m_LocalRotation.y
      value: 1
      objectReference: {fileID: 0}
    - target: {fileID: 4225381643663648, guid: 112cc81e36e745449bf229e4dbb3e073, type: 3}
      propertyPath: m_LocalRotation.z
      value: -0.000000021855694
      objectReference: {fileID: 0}
    - target: {fileID: 4225381643663648, guid: 112cc81e36e745449bf229e4dbb3e073, type: 3}
      propertyPath: m_LocalEulerAnglesHint.x
      value: 0
      objectReference: {fileID: 0}
    - target: {fileID: 4225381643663648, guid: 112cc81e36e745449bf229e4dbb3e073, type: 3}
      propertyPath: m_LocalEulerAnglesHint.y
      value: 0
      objectReference: {fileID: 0}
    - target: {fileID: 4225381643663648, guid: 112cc81e36e745449bf229e4dbb3e073, type: 3}
      propertyPath: m_LocalEulerAnglesHint.z
      value: 0
      objectReference: {fileID: 0}
    - target: {fileID: 65200176653086256, guid: 112cc81e36e745449bf229e4dbb3e073, type: 3}
      propertyPath: m_Enabled
      value: 0
      objectReference: {fileID: 0}
    m_RemovedComponents: []
  m_SourcePrefab: {fileID: 100100000, guid: 112cc81e36e745449bf229e4dbb3e073, type: 3}
--- !u!4 &8909088605337357045 stripped
Transform:
  m_CorrespondingSourceObject: {fileID: 4225381643663648, guid: 112cc81e36e745449bf229e4dbb3e073, type: 3}
  m_PrefabInstance: {fileID: 8911623193059668949}
  m_PrefabAsset: {fileID: 0}
