%YAML 1.1
%TAG !u! tag:unity3d.com,2011:
--- !u!1 &3074382212434994546
GameObject:
  m_ObjectHideFlags: 0
  m_CorrespondingSourceObject: {fileID: 0}
  m_PrefabInstance: {fileID: 0}
  m_PrefabAsset: {fileID: 0}
  serializedVersion: 6
  m_Component:
  - component: {fileID: 8184030481766013184}
  m_Layer: 0
  m_Name: Mobile_ShowCase
  m_TagString: Untagged
  m_Icon: {fileID: 0}
  m_NavMeshLayer: 0
  m_StaticEditorFlags: 0
  m_IsActive: 1
--- !u!4 &8184030481766013184
Transform:
  m_ObjectHideFlags: 0
  m_CorrespondingSourceObject: {fileID: 0}
  m_PrefabInstance: {fileID: 0}
  m_PrefabAsset: {fileID: 0}
  m_GameObject: {fileID: 3074382212434994546}
  m_LocalRotation: {x: 0, y: 1, z: 0, w: 0}
  m_LocalPosition: {x: 0, y: 1.61, z: 1.13}
  m_LocalScale: {x: 1, y: 1, z: 1}
  m_Children:
  - {fileID: 4316353004509161901}
  - {fileID: 2286377405532853972}
  - {fileID: 6017350128914517570}
  - {fileID: 1648711932658925727}
  - {fileID: 7468650878558393015}
  - {fileID: 4934972348665080653}
  - {fileID: 7785413946504413731}
  - {fileID: 7024563035761602901}
  - {fileID: 3579589250090639568}
  - {fileID: 7697068326006610300}
  - {fileID: 1598323420386134281}
  - {fileID: 6491593615229000913}
  - {fileID: 2812757354220786665}
  - {fileID: 2409904090534234071}
  - {fileID: 4954244481888938656}
  - {fileID: 6085981840868924851}
  - {fileID: 5715207448397534990}
  - {fileID: 6826564924696420063}
  - {fileID: 3702289828946219670}
  m_Father: {fileID: 0}
  m_RootOrder: 0
  m_LocalEulerAnglesHint: {x: 0, y: 180, z: 0}
--- !u!1001 &1594761564743165565
PrefabInstance:
  m_ObjectHideFlags: 0
  serializedVersion: 2
  m_Modification:
    m_TransformParent: {fileID: 8184030481766013184}
    m_Modifications:
    - target: {fileID: 1092883800961010, guid: bd7dac146a034144fb4a57250777c4d9, type: 3}
      propertyPath: m_Name
      value: CellPhone (9)
      objectReference: {fileID: 0}
    - target: {fileID: 4461402307424116, guid: bd7dac146a034144fb4a57250777c4d9, type: 3}
      propertyPath: m_RootOrder
      value: 10
      objectReference: {fileID: 0}
    - target: {fileID: 4461402307424116, guid: bd7dac146a034144fb4a57250777c4d9, type: 3}
      propertyPath: m_LocalScale.x
      value: 3.5
      objectReference: {fileID: 0}
    - target: {fileID: 4461402307424116, guid: bd7dac146a034144fb4a57250777c4d9, type: 3}
      propertyPath: m_LocalScale.y
      value: 3.5
      objectReference: {fileID: 0}
    - target: {fileID: 4461402307424116, guid: bd7dac146a034144fb4a57250777c4d9, type: 3}
      propertyPath: m_LocalScale.z
      value: 3.5
      objectReference: {fileID: 0}
    - target: {fileID: 4461402307424116, guid: bd7dac146a034144fb4a57250777c4d9, type: 3}
      propertyPath: m_LocalPosition.x
      value: -0.701
      objectReference: {fileID: 0}
    - target: {fileID: 4461402307424116, guid: bd7dac146a034144fb4a57250777c4d9, type: 3}
      propertyPath: m_LocalPosition.y
      value: 0.575
      objectReference: {fileID: 0}
    - target: {fileID: 4461402307424116, guid: bd7dac146a034144fb4a57250777c4d9, type: 3}
      propertyPath: m_LocalPosition.z
      value: 0.353
      objectReference: {fileID: 0}
    - target: {fileID: 4461402307424116, guid: bd7dac146a034144fb4a57250777c4d9, type: 3}
      propertyPath: m_LocalRotation.w
      value: 0.9614626
      objectReference: {fileID: 0}
    - target: {fileID: 4461402307424116, guid: bd7dac146a034144fb4a57250777c4d9, type: 3}
      propertyPath: m_LocalRotation.x
      value: -0.2749357
      objectReference: {fileID: 0}
    - target: {fileID: 4461402307424116, guid: bd7dac146a034144fb4a57250777c4d9, type: 3}
      propertyPath: m_LocalRotation.y
      value: -0
      objectReference: {fileID: 0}
    - target: {fileID: 4461402307424116, guid: bd7dac146a034144fb4a57250777c4d9, type: 3}
      propertyPath: m_LocalRotation.z
      value: -0
      objectReference: {fileID: 0}
    - target: {fileID: 4461402307424116, guid: bd7dac146a034144fb4a57250777c4d9, type: 3}
      propertyPath: m_LocalEulerAnglesHint.x
      value: -31.916
      objectReference: {fileID: 0}
    - target: {fileID: 4461402307424116, guid: bd7dac146a034144fb4a57250777c4d9, type: 3}
      propertyPath: m_LocalEulerAnglesHint.y
      value: 0
      objectReference: {fileID: 0}
    - target: {fileID: 4461402307424116, guid: bd7dac146a034144fb4a57250777c4d9, type: 3}
      propertyPath: m_LocalEulerAnglesHint.z
      value: 0
      objectReference: {fileID: 0}
    m_RemovedComponents: []
  m_SourcePrefab: {fileID: 100100000, guid: bd7dac146a034144fb4a57250777c4d9, type: 3}
--- !u!4 &1598323420386134281 stripped
Transform:
  m_CorrespondingSourceObject: {fileID: 4461402307424116, guid: bd7dac146a034144fb4a57250777c4d9, type: 3}
  m_PrefabInstance: {fileID: 1594761564743165565}
  m_PrefabAsset: {fileID: 0}
--- !u!1001 &1652468512208105451
PrefabInstance:
  m_ObjectHideFlags: 0
  serializedVersion: 2
  m_Modification:
    m_TransformParent: {fileID: 8184030481766013184}
    m_Modifications:
    - target: {fileID: 1092883800961010, guid: bd7dac146a034144fb4a57250777c4d9, type: 3}
      propertyPath: m_Name
      value: CellPhone (2)
      objectReference: {fileID: 0}
    - target: {fileID: 4461402307424116, guid: bd7dac146a034144fb4a57250777c4d9, type: 3}
      propertyPath: m_RootOrder
      value: 3
      objectReference: {fileID: 0}
    - target: {fileID: 4461402307424116, guid: bd7dac146a034144fb4a57250777c4d9, type: 3}
      propertyPath: m_LocalScale.x
      value: 3.5
      objectReference: {fileID: 0}
    - target: {fileID: 4461402307424116, guid: bd7dac146a034144fb4a57250777c4d9, type: 3}
      propertyPath: m_LocalScale.y
      value: 3.5
      objectReference: {fileID: 0}
    - target: {fileID: 4461402307424116, guid: bd7dac146a034144fb4a57250777c4d9, type: 3}
      propertyPath: m_LocalScale.z
      value: 3.5
      objectReference: {fileID: 0}
    - target: {fileID: 4461402307424116, guid: bd7dac146a034144fb4a57250777c4d9, type: 3}
      propertyPath: m_LocalPosition.x
      value: 0.23900002
      objectReference: {fileID: 0}
    - target: {fileID: 4461402307424116, guid: bd7dac146a034144fb4a57250777c4d9, type: 3}
      propertyPath: m_LocalPosition.y
      value: -0.202
      objectReference: {fileID: 0}
    - target: {fileID: 4461402307424116, guid: bd7dac146a034144fb4a57250777c4d9, type: 3}
      propertyPath: m_LocalPosition.z
      value: 0.353
      objectReference: {fileID: 0}
    - target: {fileID: 4461402307424116, guid: bd7dac146a034144fb4a57250777c4d9, type: 3}
      propertyPath: m_LocalRotation.w
      value: 0.9614626
      objectReference: {fileID: 0}
    - target: {fileID: 4461402307424116, guid: bd7dac146a034144fb4a57250777c4d9, type: 3}
      propertyPath: m_LocalRotation.x
      value: -0.2749357
      objectReference: {fileID: 0}
    - target: {fileID: 4461402307424116, guid: bd7dac146a034144fb4a57250777c4d9, type: 3}
      propertyPath: m_LocalRotation.y
      value: -0
      objectReference: {fileID: 0}
    - target: {fileID: 4461402307424116, guid: bd7dac146a034144fb4a57250777c4d9, type: 3}
      propertyPath: m_LocalRotation.z
      value: -0
      objectReference: {fileID: 0}
    - target: {fileID: 4461402307424116, guid: bd7dac146a034144fb4a57250777c4d9, type: 3}
      propertyPath: m_LocalEulerAnglesHint.x
      value: -31.916
      objectReference: {fileID: 0}
    - target: {fileID: 4461402307424116, guid: bd7dac146a034144fb4a57250777c4d9, type: 3}
      propertyPath: m_LocalEulerAnglesHint.y
      value: 0
      objectReference: {fileID: 0}
    - target: {fileID: 4461402307424116, guid: bd7dac146a034144fb4a57250777c4d9, type: 3}
      propertyPath: m_LocalEulerAnglesHint.z
      value: 0
      objectReference: {fileID: 0}
    m_RemovedComponents: []
  m_SourcePrefab: {fileID: 100100000, guid: bd7dac146a034144fb4a57250777c4d9, type: 3}
--- !u!4 &1648711932658925727 stripped
Transform:
  m_CorrespondingSourceObject: {fileID: 4461402307424116, guid: bd7dac146a034144fb4a57250777c4d9, type: 3}
  m_PrefabInstance: {fileID: 1652468512208105451}
  m_PrefabAsset: {fileID: 0}
--- !u!1001 &2284734300928096672
PrefabInstance:
  m_ObjectHideFlags: 0
  serializedVersion: 2
  m_Modification:
    m_TransformParent: {fileID: 8184030481766013184}
    m_Modifications:
    - target: {fileID: 1092883800961010, guid: bd7dac146a034144fb4a57250777c4d9, type: 3}
      propertyPath: m_Name
      value: CellPhone
      objectReference: {fileID: 0}
    - target: {fileID: 4461402307424116, guid: bd7dac146a034144fb4a57250777c4d9, type: 3}
      propertyPath: m_RootOrder
      value: 1
      objectReference: {fileID: 0}
    - target: {fileID: 4461402307424116, guid: bd7dac146a034144fb4a57250777c4d9, type: 3}
      propertyPath: m_LocalScale.x
      value: 3.5
      objectReference: {fileID: 0}
    - target: {fileID: 4461402307424116, guid: bd7dac146a034144fb4a57250777c4d9, type: 3}
      propertyPath: m_LocalScale.y
      value: 3.5
      objectReference: {fileID: 0}
    - target: {fileID: 4461402307424116, guid: bd7dac146a034144fb4a57250777c4d9, type: 3}
      propertyPath: m_LocalScale.z
      value: 3.5
      objectReference: {fileID: 0}
    - target: {fileID: 4461402307424116, guid: bd7dac146a034144fb4a57250777c4d9, type: 3}
      propertyPath: m_LocalPosition.x
      value: 0.739
      objectReference: {fileID: 0}
    - target: {fileID: 4461402307424116, guid: bd7dac146a034144fb4a57250777c4d9, type: 3}
      propertyPath: m_LocalPosition.y
      value: -0.202
      objectReference: {fileID: 0}
    - target: {fileID: 4461402307424116, guid: bd7dac146a034144fb4a57250777c4d9, type: 3}
      propertyPath: m_LocalPosition.z
      value: 0.353
      objectReference: {fileID: 0}
    - target: {fileID: 4461402307424116, guid: bd7dac146a034144fb4a57250777c4d9, type: 3}
      propertyPath: m_LocalRotation.w
      value: 0.9614626
      objectReference: {fileID: 0}
    - target: {fileID: 4461402307424116, guid: bd7dac146a034144fb4a57250777c4d9, type: 3}
      propertyPath: m_LocalRotation.x
      value: -0.2749357
      objectReference: {fileID: 0}
    - target: {fileID: 4461402307424116, guid: bd7dac146a034144fb4a57250777c4d9, type: 3}
      propertyPath: m_LocalRotation.y
      value: -0
      objectReference: {fileID: 0}
    - target: {fileID: 4461402307424116, guid: bd7dac146a034144fb4a57250777c4d9, type: 3}
      propertyPath: m_LocalRotation.z
      value: -0
      objectReference: {fileID: 0}
    - target: {fileID: 4461402307424116, guid: bd7dac146a034144fb4a57250777c4d9, type: 3}
      propertyPath: m_LocalEulerAnglesHint.x
      value: -31.916
      objectReference: {fileID: 0}
    - target: {fileID: 4461402307424116, guid: bd7dac146a034144fb4a57250777c4d9, type: 3}
      propertyPath: m_LocalEulerAnglesHint.y
      value: 0
      objectReference: {fileID: 0}
    - target: {fileID: 4461402307424116, guid: bd7dac146a034144fb4a57250777c4d9, type: 3}
      propertyPath: m_LocalEulerAnglesHint.z
      value: 0
      objectReference: {fileID: 0}
    m_RemovedComponents: []
  m_SourcePrefab: {fileID: 100100000, guid: bd7dac146a034144fb4a57250777c4d9, type: 3}
--- !u!4 &2286377405532853972 stripped
Transform:
  m_CorrespondingSourceObject: {fileID: 4461402307424116, guid: bd7dac146a034144fb4a57250777c4d9, type: 3}
  m_PrefabInstance: {fileID: 2284734300928096672}
  m_PrefabAsset: {fileID: 0}
--- !u!1001 &2808850328704819260
PrefabInstance:
  m_ObjectHideFlags: 0
  serializedVersion: 2
  m_Modification:
    m_TransformParent: {fileID: 8184030481766013184}
    m_Modifications:
    - target: {fileID: -8679921383154817045, guid: b34134b9b3c78554cb2f34df01ca2c01, type: 3}
      propertyPath: m_RootOrder
      value: 13
      objectReference: {fileID: 0}
    - target: {fileID: -8679921383154817045, guid: b34134b9b3c78554cb2f34df01ca2c01, type: 3}
      propertyPath: m_LocalPosition.x
      value: 0.646
      objectReference: {fileID: 0}
    - target: {fileID: -8679921383154817045, guid: b34134b9b3c78554cb2f34df01ca2c01, type: 3}
      propertyPath: m_LocalPosition.y
      value: -1.085
      objectReference: {fileID: 0}
    - target: {fileID: -8679921383154817045, guid: b34134b9b3c78554cb2f34df01ca2c01, type: 3}
      propertyPath: m_LocalPosition.z
      value: 0.256
      objectReference: {fileID: 0}
    - target: {fileID: -8679921383154817045, guid: b34134b9b3c78554cb2f34df01ca2c01, type: 3}
      propertyPath: m_LocalRotation.w
      value: 0.49669558
      objectReference: {fileID: 0}
    - target: {fileID: -8679921383154817045, guid: b34134b9b3c78554cb2f34df01ca2c01, type: 3}
      propertyPath: m_LocalRotation.x
      value: 0.5032828
      objectReference: {fileID: 0}
    - target: {fileID: -8679921383154817045, guid: b34134b9b3c78554cb2f34df01ca2c01, type: 3}
      propertyPath: m_LocalRotation.y
      value: 0.5032828
      objectReference: {fileID: 0}
    - target: {fileID: -8679921383154817045, guid: b34134b9b3c78554cb2f34df01ca2c01, type: 3}
      propertyPath: m_LocalRotation.z
      value: 0.49669558
      objectReference: {fileID: 0}
    - target: {fileID: -8679921383154817045, guid: b34134b9b3c78554cb2f34df01ca2c01, type: 3}
      propertyPath: m_LocalEulerAnglesHint.x
      value: 0
      objectReference: {fileID: 0}
    - target: {fileID: -8679921383154817045, guid: b34134b9b3c78554cb2f34df01ca2c01, type: 3}
      propertyPath: m_LocalEulerAnglesHint.y
      value: 90.755
      objectReference: {fileID: 0}
    - target: {fileID: -8679921383154817045, guid: b34134b9b3c78554cb2f34df01ca2c01, type: 3}
      propertyPath: m_LocalEulerAnglesHint.z
      value: 90
      objectReference: {fileID: 0}
    - target: {fileID: 919132149155446097, guid: b34134b9b3c78554cb2f34df01ca2c01, type: 3}
      propertyPath: m_Name
      value: mobile box
      objectReference: {fileID: 0}
    m_RemovedComponents: []
  m_SourcePrefab: {fileID: 100100000, guid: b34134b9b3c78554cb2f34df01ca2c01, type: 3}
--- !u!4 &2409904090534234071 stripped
Transform:
  m_CorrespondingSourceObject: {fileID: -8679921383154817045, guid: b34134b9b3c78554cb2f34df01ca2c01, type: 3}
  m_PrefabInstance: {fileID: 2808850328704819260}
  m_PrefabAsset: {fileID: 0}
--- !u!1001 &2812271975006305437
PrefabInstance:
  m_ObjectHideFlags: 0
  serializedVersion: 2
  m_Modification:
    m_TransformParent: {fileID: 8184030481766013184}
    m_Modifications:
    - target: {fileID: 1092883800961010, guid: bd7dac146a034144fb4a57250777c4d9, type: 3}
      propertyPath: m_Name
      value: CellPhone (11)
      objectReference: {fileID: 0}
    - target: {fileID: 4461402307424116, guid: bd7dac146a034144fb4a57250777c4d9, type: 3}
      propertyPath: m_RootOrder
      value: 12
      objectReference: {fileID: 0}
    - target: {fileID: 4461402307424116, guid: bd7dac146a034144fb4a57250777c4d9, type: 3}
      propertyPath: m_LocalScale.x
      value: 3.5
      objectReference: {fileID: 0}
    - target: {fileID: 4461402307424116, guid: bd7dac146a034144fb4a57250777c4d9, type: 3}
      propertyPath: m_LocalScale.y
      value: 3.5
      objectReference: {fileID: 0}
    - target: {fileID: 4461402307424116, guid: bd7dac146a034144fb4a57250777c4d9, type: 3}
      propertyPath: m_LocalScale.z
      value: 3.5
      objectReference: {fileID: 0}
    - target: {fileID: 4461402307424116, guid: bd7dac146a034144fb4a57250777c4d9, type: 3}
      propertyPath: m_LocalPosition.x
      value: -0.219
      objectReference: {fileID: 0}
    - target: {fileID: 4461402307424116, guid: bd7dac146a034144fb4a57250777c4d9, type: 3}
      propertyPath: m_LocalPosition.y
      value: 0.575
      objectReference: {fileID: 0}
    - target: {fileID: 4461402307424116, guid: bd7dac146a034144fb4a57250777c4d9, type: 3}
      propertyPath: m_LocalPosition.z
      value: 0.353
      objectReference: {fileID: 0}
    - target: {fileID: 4461402307424116, guid: bd7dac146a034144fb4a57250777c4d9, type: 3}
      propertyPath: m_LocalRotation.w
      value: 0.9614626
      objectReference: {fileID: 0}
    - target: {fileID: 4461402307424116, guid: bd7dac146a034144fb4a57250777c4d9, type: 3}
      propertyPath: m_LocalRotation.x
      value: -0.2749357
      objectReference: {fileID: 0}
    - target: {fileID: 4461402307424116, guid: bd7dac146a034144fb4a57250777c4d9, type: 3}
      propertyPath: m_LocalRotation.y
      value: -0
      objectReference: {fileID: 0}
    - target: {fileID: 4461402307424116, guid: bd7dac146a034144fb4a57250777c4d9, type: 3}
      propertyPath: m_LocalRotation.z
      value: -0
      objectReference: {fileID: 0}
    - target: {fileID: 4461402307424116, guid: bd7dac146a034144fb4a57250777c4d9, type: 3}
      propertyPath: m_LocalEulerAnglesHint.x
      value: -31.916
      objectReference: {fileID: 0}
    - target: {fileID: 4461402307424116, guid: bd7dac146a034144fb4a57250777c4d9, type: 3}
      propertyPath: m_LocalEulerAnglesHint.y
      value: 0
      objectReference: {fileID: 0}
    - target: {fileID: 4461402307424116, guid: bd7dac146a034144fb4a57250777c4d9, type: 3}
      propertyPath: m_LocalEulerAnglesHint.z
      value: 0
      objectReference: {fileID: 0}
    m_RemovedComponents: []
  m_SourcePrefab: {fileID: 100100000, guid: bd7dac146a034144fb4a57250777c4d9, type: 3}
--- !u!4 &2812757354220786665 stripped
Transform:
  m_CorrespondingSourceObject: {fileID: 4461402307424116, guid: bd7dac146a034144fb4a57250777c4d9, type: 3}
  m_PrefabInstance: {fileID: 2812271975006305437}
  m_PrefabAsset: {fileID: 0}
--- !u!1001 &3576589185794854820
PrefabInstance:
  m_ObjectHideFlags: 0
  serializedVersion: 2
  m_Modification:
    m_TransformParent: {fileID: 8184030481766013184}
    m_Modifications:
    - target: {fileID: 1092883800961010, guid: bd7dac146a034144fb4a57250777c4d9, type: 3}
      propertyPath: m_Name
      value: CellPhone (7)
      objectReference: {fileID: 0}
    - target: {fileID: 4461402307424116, guid: bd7dac146a034144fb4a57250777c4d9, type: 3}
      propertyPath: m_RootOrder
      value: 8
      objectReference: {fileID: 0}
    - target: {fileID: 4461402307424116, guid: bd7dac146a034144fb4a57250777c4d9, type: 3}
      propertyPath: m_LocalScale.x
      value: 3.5
      objectReference: {fileID: 0}
    - target: {fileID: 4461402307424116, guid: bd7dac146a034144fb4a57250777c4d9, type: 3}
      propertyPath: m_LocalScale.y
      value: 3.5
      objectReference: {fileID: 0}
    - target: {fileID: 4461402307424116, guid: bd7dac146a034144fb4a57250777c4d9, type: 3}
      propertyPath: m_LocalScale.z
      value: 3.5
      objectReference: {fileID: 0}
    - target: {fileID: 4461402307424116, guid: bd7dac146a034144fb4a57250777c4d9, type: 3}
      propertyPath: m_LocalPosition.x
      value: -0.219
      objectReference: {fileID: 0}
    - target: {fileID: 4461402307424116, guid: bd7dac146a034144fb4a57250777c4d9, type: 3}
      propertyPath: m_LocalPosition.y
      value: 1.333
      objectReference: {fileID: 0}
    - target: {fileID: 4461402307424116, guid: bd7dac146a034144fb4a57250777c4d9, type: 3}
      propertyPath: m_LocalPosition.z
      value: 0.353
      objectReference: {fileID: 0}
    - target: {fileID: 4461402307424116, guid: bd7dac146a034144fb4a57250777c4d9, type: 3}
      propertyPath: m_LocalRotation.w
      value: 0.9614626
      objectReference: {fileID: 0}
    - target: {fileID: 4461402307424116, guid: bd7dac146a034144fb4a57250777c4d9, type: 3}
      propertyPath: m_LocalRotation.x
      value: -0.2749357
      objectReference: {fileID: 0}
    - target: {fileID: 4461402307424116, guid: bd7dac146a034144fb4a57250777c4d9, type: 3}
      propertyPath: m_LocalRotation.y
      value: -0
      objectReference: {fileID: 0}
    - target: {fileID: 4461402307424116, guid: bd7dac146a034144fb4a57250777c4d9, type: 3}
      propertyPath: m_LocalRotation.z
      value: -0
      objectReference: {fileID: 0}
    - target: {fileID: 4461402307424116, guid: bd7dac146a034144fb4a57250777c4d9, type: 3}
      propertyPath: m_LocalEulerAnglesHint.x
      value: -31.916
      objectReference: {fileID: 0}
    - target: {fileID: 4461402307424116, guid: bd7dac146a034144fb4a57250777c4d9, type: 3}
      propertyPath: m_LocalEulerAnglesHint.y
      value: 0
      objectReference: {fileID: 0}
    - target: {fileID: 4461402307424116, guid: bd7dac146a034144fb4a57250777c4d9, type: 3}
      propertyPath: m_LocalEulerAnglesHint.z
      value: 0
      objectReference: {fileID: 0}
    m_RemovedComponents: []
  m_SourcePrefab: {fileID: 100100000, guid: bd7dac146a034144fb4a57250777c4d9, type: 3}
--- !u!4 &3579589250090639568 stripped
Transform:
  m_CorrespondingSourceObject: {fileID: 4461402307424116, guid: bd7dac146a034144fb4a57250777c4d9, type: 3}
  m_PrefabInstance: {fileID: 3576589185794854820}
  m_PrefabAsset: {fileID: 0}
--- !u!1001 &3813305914998191485
PrefabInstance:
  m_ObjectHideFlags: 0
  serializedVersion: 2
  m_Modification:
    m_TransformParent: {fileID: 8184030481766013184}
    m_Modifications:
    - target: {fileID: -8679921383154817045, guid: b34134b9b3c78554cb2f34df01ca2c01, type: 3}
      propertyPath: m_RootOrder
      value: 18
      objectReference: {fileID: 0}
    - target: {fileID: -8679921383154817045, guid: b34134b9b3c78554cb2f34df01ca2c01, type: 3}
      propertyPath: m_LocalPosition.x
      value: -0.10399997
      objectReference: {fileID: 0}
    - target: {fileID: -8679921383154817045, guid: b34134b9b3c78554cb2f34df01ca2c01, type: 3}
      propertyPath: m_LocalPosition.y
      value: -0.828
      objectReference: {fileID: 0}
    - target: {fileID: -8679921383154817045, guid: b34134b9b3c78554cb2f34df01ca2c01, type: 3}
      propertyPath: m_LocalPosition.z
      value: 0.256
      objectReference: {fileID: 0}
    - target: {fileID: -8679921383154817045, guid: b34134b9b3c78554cb2f34df01ca2c01, type: 3}
      propertyPath: m_LocalRotation.w
      value: 0.49669558
      objectReference: {fileID: 0}
    - target: {fileID: -8679921383154817045, guid: b34134b9b3c78554cb2f34df01ca2c01, type: 3}
      propertyPath: m_LocalRotation.x
      value: 0.5032828
      objectReference: {fileID: 0}
    - target: {fileID: -8679921383154817045, guid: b34134b9b3c78554cb2f34df01ca2c01, type: 3}
      propertyPath: m_LocalRotation.y
      value: 0.5032828
      objectReference: {fileID: 0}
    - target: {fileID: -8679921383154817045, guid: b34134b9b3c78554cb2f34df01ca2c01, type: 3}
      propertyPath: m_LocalRotation.z
      value: 0.49669558
      objectReference: {fileID: 0}
    - target: {fileID: -8679921383154817045, guid: b34134b9b3c78554cb2f34df01ca2c01, type: 3}
      propertyPath: m_LocalEulerAnglesHint.x
      value: 0
      objectReference: {fileID: 0}
    - target: {fileID: -8679921383154817045, guid: b34134b9b3c78554cb2f34df01ca2c01, type: 3}
      propertyPath: m_LocalEulerAnglesHint.y
      value: 90.755
      objectReference: {fileID: 0}
    - target: {fileID: -8679921383154817045, guid: b34134b9b3c78554cb2f34df01ca2c01, type: 3}
      propertyPath: m_LocalEulerAnglesHint.z
      value: 90
      objectReference: {fileID: 0}
    - target: {fileID: 919132149155446097, guid: b34134b9b3c78554cb2f34df01ca2c01, type: 3}
      propertyPath: m_Name
      value: mobile box (5)
      objectReference: {fileID: 0}
    m_RemovedComponents: []
  m_SourcePrefab: {fileID: 100100000, guid: b34134b9b3c78554cb2f34df01ca2c01, type: 3}
--- !u!4 &3702289828946219670 stripped
Transform:
  m_CorrespondingSourceObject: {fileID: -8679921383154817045, guid: b34134b9b3c78554cb2f34df01ca2c01, type: 3}
  m_PrefabInstance: {fileID: 3813305914998191485}
  m_PrefabAsset: {fileID: 0}
--- !u!1001 &4353992710370627142
PrefabInstance:
  m_ObjectHideFlags: 0
  serializedVersion: 2
  m_Modification:
    m_TransformParent: {fileID: 8184030481766013184}
    m_Modifications:
    - target: {fileID: -8679921383154817045, guid: 063eb2ab7c45a264b8da8cfe3be8d82a, type: 3}
      propertyPath: m_RootOrder
      value: 0
      objectReference: {fileID: 0}
    - target: {fileID: -8679921383154817045, guid: 063eb2ab7c45a264b8da8cfe3be8d82a, type: 3}
      propertyPath: m_LocalPosition.x
      value: 0
      objectReference: {fileID: 0}
    - target: {fileID: -8679921383154817045, guid: 063eb2ab7c45a264b8da8cfe3be8d82a, type: 3}
      propertyPath: m_LocalPosition.y
      value: 0
      objectReference: {fileID: 0}
    - target: {fileID: -8679921383154817045, guid: 063eb2ab7c45a264b8da8cfe3be8d82a, type: 3}
      propertyPath: m_LocalPosition.z
      value: 0
      objectReference: {fileID: 0}
    - target: {fileID: -8679921383154817045, guid: 063eb2ab7c45a264b8da8cfe3be8d82a, type: 3}
      propertyPath: m_LocalRotation.w
      value: 1
      objectReference: {fileID: 0}
    - target: {fileID: -8679921383154817045, guid: 063eb2ab7c45a264b8da8cfe3be8d82a, type: 3}
      propertyPath: m_LocalRotation.x
      value: 0
      objectReference: {fileID: 0}
    - target: {fileID: -8679921383154817045, guid: 063eb2ab7c45a264b8da8cfe3be8d82a, type: 3}
      propertyPath: m_LocalRotation.y
      value: -0
      objectReference: {fileID: 0}
    - target: {fileID: -8679921383154817045, guid: 063eb2ab7c45a264b8da8cfe3be8d82a, type: 3}
      propertyPath: m_LocalRotation.z
      value: -0
      objectReference: {fileID: 0}
    - target: {fileID: -8679921383154817045, guid: 063eb2ab7c45a264b8da8cfe3be8d82a, type: 3}
      propertyPath: m_LocalEulerAnglesHint.x
      value: 0
      objectReference: {fileID: 0}
    - target: {fileID: -8679921383154817045, guid: 063eb2ab7c45a264b8da8cfe3be8d82a, type: 3}
      propertyPath: m_LocalEulerAnglesHint.y
      value: 0
      objectReference: {fileID: 0}
    - target: {fileID: -8679921383154817045, guid: 063eb2ab7c45a264b8da8cfe3be8d82a, type: 3}
      propertyPath: m_LocalEulerAnglesHint.z
      value: 0
      objectReference: {fileID: 0}
    - target: {fileID: 919132149155446097, guid: 063eb2ab7c45a264b8da8cfe3be8d82a, type: 3}
      propertyPath: m_Name
      value: Shelf
      objectReference: {fileID: 0}
    m_RemovedComponents: []
  m_SourcePrefab: {fileID: 100100000, guid: 063eb2ab7c45a264b8da8cfe3be8d82a, type: 3}
--- !u!4 &4316353004509161901 stripped
Transform:
  m_CorrespondingSourceObject: {fileID: -8679921383154817045, guid: 063eb2ab7c45a264b8da8cfe3be8d82a, type: 3}
  m_PrefabInstance: {fileID: 4353992710370627142}
  m_PrefabAsset: {fileID: 0}
--- !u!1001 &4849174375201541451
PrefabInstance:
  m_ObjectHideFlags: 0
  serializedVersion: 2
  m_Modification:
    m_TransformParent: {fileID: 8184030481766013184}
    m_Modifications:
    - target: {fileID: -8679921383154817045, guid: b34134b9b3c78554cb2f34df01ca2c01, type: 3}
      propertyPath: m_RootOrder
      value: 14
      objectReference: {fileID: 0}
    - target: {fileID: -8679921383154817045, guid: b34134b9b3c78554cb2f34df01ca2c01, type: 3}
      propertyPath: m_LocalPosition.x
      value: 0.646
      objectReference: {fileID: 0}
    - target: {fileID: -8679921383154817045, guid: b34134b9b3c78554cb2f34df01ca2c01, type: 3}
      propertyPath: m_LocalPosition.y
      value: -0.828
      objectReference: {fileID: 0}
    - target: {fileID: -8679921383154817045, guid: b34134b9b3c78554cb2f34df01ca2c01, type: 3}
      propertyPath: m_LocalPosition.z
      value: 0.256
      objectReference: {fileID: 0}
    - target: {fileID: -8679921383154817045, guid: b34134b9b3c78554cb2f34df01ca2c01, type: 3}
      propertyPath: m_LocalRotation.w
      value: 0.49669558
      objectReference: {fileID: 0}
    - target: {fileID: -8679921383154817045, guid: b34134b9b3c78554cb2f34df01ca2c01, type: 3}
      propertyPath: m_LocalRotation.x
      value: 0.5032828
      objectReference: {fileID: 0}
    - target: {fileID: -8679921383154817045, guid: b34134b9b3c78554cb2f34df01ca2c01, type: 3}
      propertyPath: m_LocalRotation.y
      value: 0.5032828
      objectReference: {fileID: 0}
    - target: {fileID: -8679921383154817045, guid: b34134b9b3c78554cb2f34df01ca2c01, type: 3}
      propertyPath: m_LocalRotation.z
      value: 0.49669558
      objectReference: {fileID: 0}
    - target: {fileID: -8679921383154817045, guid: b34134b9b3c78554cb2f34df01ca2c01, type: 3}
      propertyPath: m_LocalEulerAnglesHint.x
      value: 0
      objectReference: {fileID: 0}
    - target: {fileID: -8679921383154817045, guid: b34134b9b3c78554cb2f34df01ca2c01, type: 3}
      propertyPath: m_LocalEulerAnglesHint.y
      value: 90.755
      objectReference: {fileID: 0}
    - target: {fileID: -8679921383154817045, guid: b34134b9b3c78554cb2f34df01ca2c01, type: 3}
      propertyPath: m_LocalEulerAnglesHint.z
      value: 90
      objectReference: {fileID: 0}
    - target: {fileID: 919132149155446097, guid: b34134b9b3c78554cb2f34df01ca2c01, type: 3}
      propertyPath: m_Name
      value: mobile box (1)
      objectReference: {fileID: 0}
    m_RemovedComponents: []
  m_SourcePrefab: {fileID: 100100000, guid: b34134b9b3c78554cb2f34df01ca2c01, type: 3}
--- !u!4 &4954244481888938656 stripped
Transform:
  m_CorrespondingSourceObject: {fileID: -8679921383154817045, guid: b34134b9b3c78554cb2f34df01ca2c01, type: 3}
  m_PrefabInstance: {fileID: 4849174375201541451}
  m_PrefabAsset: {fileID: 0}
--- !u!1001 &4932376913193026617
PrefabInstance:
  m_ObjectHideFlags: 0
  serializedVersion: 2
  m_Modification:
    m_TransformParent: {fileID: 8184030481766013184}
    m_Modifications:
    - target: {fileID: 1092883800961010, guid: bd7dac146a034144fb4a57250777c4d9, type: 3}
      propertyPath: m_Name
      value: CellPhone (4)
      objectReference: {fileID: 0}
    - target: {fileID: 4461402307424116, guid: bd7dac146a034144fb4a57250777c4d9, type: 3}
      propertyPath: m_RootOrder
      value: 5
      objectReference: {fileID: 0}
    - target: {fileID: 4461402307424116, guid: bd7dac146a034144fb4a57250777c4d9, type: 3}
      propertyPath: m_LocalScale.x
      value: 3.5
      objectReference: {fileID: 0}
    - target: {fileID: 4461402307424116, guid: bd7dac146a034144fb4a57250777c4d9, type: 3}
      propertyPath: m_LocalScale.y
      value: 3.5
      objectReference: {fileID: 0}
    - target: {fileID: 4461402307424116, guid: bd7dac146a034144fb4a57250777c4d9, type: 3}
      propertyPath: m_LocalScale.z
      value: 3.5
      objectReference: {fileID: 0}
    - target: {fileID: 4461402307424116, guid: bd7dac146a034144fb4a57250777c4d9, type: 3}
      propertyPath: m_LocalPosition.x
      value: 0.739
      objectReference: {fileID: 0}
    - target: {fileID: 4461402307424116, guid: bd7dac146a034144fb4a57250777c4d9, type: 3}
      propertyPath: m_LocalPosition.y
      value: 1.333
      objectReference: {fileID: 0}
    - target: {fileID: 4461402307424116, guid: bd7dac146a034144fb4a57250777c4d9, type: 3}
      propertyPath: m_LocalPosition.z
      value: 0.353
      objectReference: {fileID: 0}
    - target: {fileID: 4461402307424116, guid: bd7dac146a034144fb4a57250777c4d9, type: 3}
      propertyPath: m_LocalRotation.w
      value: 0.9614626
      objectReference: {fileID: 0}
    - target: {fileID: 4461402307424116, guid: bd7dac146a034144fb4a57250777c4d9, type: 3}
      propertyPath: m_LocalRotation.x
      value: -0.2749357
      objectReference: {fileID: 0}
    - target: {fileID: 4461402307424116, guid: bd7dac146a034144fb4a57250777c4d9, type: 3}
      propertyPath: m_LocalRotation.y
      value: -0
      objectReference: {fileID: 0}
    - target: {fileID: 4461402307424116, guid: bd7dac146a034144fb4a57250777c4d9, type: 3}
      propertyPath: m_LocalRotation.z
      value: -0
      objectReference: {fileID: 0}
    - target: {fileID: 4461402307424116, guid: bd7dac146a034144fb4a57250777c4d9, type: 3}
      propertyPath: m_LocalEulerAnglesHint.x
      value: -31.916
      objectReference: {fileID: 0}
    - target: {fileID: 4461402307424116, guid: bd7dac146a034144fb4a57250777c4d9, type: 3}
      propertyPath: m_LocalEulerAnglesHint.y
      value: 0
      objectReference: {fileID: 0}
    - target: {fileID: 4461402307424116, guid: bd7dac146a034144fb4a57250777c4d9, type: 3}
      propertyPath: m_LocalEulerAnglesHint.z
      value: 0
      objectReference: {fileID: 0}
    m_RemovedComponents: []
  m_SourcePrefab: {fileID: 100100000, guid: bd7dac146a034144fb4a57250777c4d9, type: 3}
--- !u!4 &4934972348665080653 stripped
Transform:
  m_CorrespondingSourceObject: {fileID: 4461402307424116, guid: bd7dac146a034144fb4a57250777c4d9, type: 3}
  m_PrefabInstance: {fileID: 4932376913193026617}
  m_PrefabAsset: {fileID: 0}
--- !u!1001 &5249727778514514149
PrefabInstance:
  m_ObjectHideFlags: 0
  serializedVersion: 2
  m_Modification:
    m_TransformParent: {fileID: 8184030481766013184}
    m_Modifications:
    - target: {fileID: -8679921383154817045, guid: b34134b9b3c78554cb2f34df01ca2c01, type: 3}
      propertyPath: m_RootOrder
      value: 16
      objectReference: {fileID: 0}
    - target: {fileID: -8679921383154817045, guid: b34134b9b3c78554cb2f34df01ca2c01, type: 3}
      propertyPath: m_LocalPosition.x
      value: -0.79
      objectReference: {fileID: 0}
    - target: {fileID: -8679921383154817045, guid: b34134b9b3c78554cb2f34df01ca2c01, type: 3}
      propertyPath: m_LocalPosition.y
      value: -0.828
      objectReference: {fileID: 0}
    - target: {fileID: -8679921383154817045, guid: b34134b9b3c78554cb2f34df01ca2c01, type: 3}
      propertyPath: m_LocalPosition.z
      value: 0.256
      objectReference: {fileID: 0}
    - target: {fileID: -8679921383154817045, guid: b34134b9b3c78554cb2f34df01ca2c01, type: 3}
      propertyPath: m_LocalRotation.w
      value: 0.49669558
      objectReference: {fileID: 0}
    - target: {fileID: -8679921383154817045, guid: b34134b9b3c78554cb2f34df01ca2c01, type: 3}
      propertyPath: m_LocalRotation.x
      value: 0.5032828
      objectReference: {fileID: 0}
    - target: {fileID: -8679921383154817045, guid: b34134b9b3c78554cb2f34df01ca2c01, type: 3}
      propertyPath: m_LocalRotation.y
      value: 0.5032828
      objectReference: {fileID: 0}
    - target: {fileID: -8679921383154817045, guid: b34134b9b3c78554cb2f34df01ca2c01, type: 3}
      propertyPath: m_LocalRotation.z
      value: 0.49669558
      objectReference: {fileID: 0}
    - target: {fileID: -8679921383154817045, guid: b34134b9b3c78554cb2f34df01ca2c01, type: 3}
      propertyPath: m_LocalEulerAnglesHint.x
      value: 0
      objectReference: {fileID: 0}
    - target: {fileID: -8679921383154817045, guid: b34134b9b3c78554cb2f34df01ca2c01, type: 3}
      propertyPath: m_LocalEulerAnglesHint.y
      value: 90.755
      objectReference: {fileID: 0}
    - target: {fileID: -8679921383154817045, guid: b34134b9b3c78554cb2f34df01ca2c01, type: 3}
      propertyPath: m_LocalEulerAnglesHint.z
      value: 90
      objectReference: {fileID: 0}
    - target: {fileID: 919132149155446097, guid: b34134b9b3c78554cb2f34df01ca2c01, type: 3}
      propertyPath: m_Name
      value: mobile box (3)
      objectReference: {fileID: 0}
    m_RemovedComponents: []
  m_SourcePrefab: {fileID: 100100000, guid: b34134b9b3c78554cb2f34df01ca2c01, type: 3}
--- !u!4 &5715207448397534990 stripped
Transform:
  m_CorrespondingSourceObject: {fileID: -8679921383154817045, guid: b34134b9b3c78554cb2f34df01ca2c01, type: 3}
  m_PrefabInstance: {fileID: 5249727778514514149}
  m_PrefabAsset: {fileID: 0}
--- !u!1001 &6020808647395909942
PrefabInstance:
  m_ObjectHideFlags: 0
  serializedVersion: 2
  m_Modification:
    m_TransformParent: {fileID: 8184030481766013184}
    m_Modifications:
    - target: {fileID: 1092883800961010, guid: bd7dac146a034144fb4a57250777c4d9, type: 3}
      propertyPath: m_Name
      value: CellPhone (1)
      objectReference: {fileID: 0}
    - target: {fileID: 4461402307424116, guid: bd7dac146a034144fb4a57250777c4d9, type: 3}
      propertyPath: m_RootOrder
      value: 2
      objectReference: {fileID: 0}
    - target: {fileID: 4461402307424116, guid: bd7dac146a034144fb4a57250777c4d9, type: 3}
      propertyPath: m_LocalScale.x
      value: 3.5
      objectReference: {fileID: 0}
    - target: {fileID: 4461402307424116, guid: bd7dac146a034144fb4a57250777c4d9, type: 3}
      propertyPath: m_LocalScale.y
      value: 3.5
      objectReference: {fileID: 0}
    - target: {fileID: 4461402307424116, guid: bd7dac146a034144fb4a57250777c4d9, type: 3}
      propertyPath: m_LocalScale.z
      value: 3.5
      objectReference: {fileID: 0}
    - target: {fileID: 4461402307424116, guid: bd7dac146a034144fb4a57250777c4d9, type: 3}
      propertyPath: m_LocalPosition.x
      value: -0.701
      objectReference: {fileID: 0}
    - target: {fileID: 4461402307424116, guid: bd7dac146a034144fb4a57250777c4d9, type: 3}
      propertyPath: m_LocalPosition.y
      value: -0.202
      objectReference: {fileID: 0}
    - target: {fileID: 4461402307424116, guid: bd7dac146a034144fb4a57250777c4d9, type: 3}
      propertyPath: m_LocalPosition.z
      value: 0.353
      objectReference: {fileID: 0}
    - target: {fileID: 4461402307424116, guid: bd7dac146a034144fb4a57250777c4d9, type: 3}
      propertyPath: m_LocalRotation.w
      value: 0.9614626
      objectReference: {fileID: 0}
    - target: {fileID: 4461402307424116, guid: bd7dac146a034144fb4a57250777c4d9, type: 3}
      propertyPath: m_LocalRotation.x
      value: -0.2749357
      objectReference: {fileID: 0}
    - target: {fileID: 4461402307424116, guid: bd7dac146a034144fb4a57250777c4d9, type: 3}
      propertyPath: m_LocalRotation.y
      value: -0
      objectReference: {fileID: 0}
    - target: {fileID: 4461402307424116, guid: bd7dac146a034144fb4a57250777c4d9, type: 3}
      propertyPath: m_LocalRotation.z
      value: -0
      objectReference: {fileID: 0}
    - target: {fileID: 4461402307424116, guid: bd7dac146a034144fb4a57250777c4d9, type: 3}
      propertyPath: m_LocalEulerAnglesHint.x
      value: -31.916
      objectReference: {fileID: 0}
    - target: {fileID: 4461402307424116, guid: bd7dac146a034144fb4a57250777c4d9, type: 3}
      propertyPath: m_LocalEulerAnglesHint.y
      value: 0
      objectReference: {fileID: 0}
    - target: {fileID: 4461402307424116, guid: bd7dac146a034144fb4a57250777c4d9, type: 3}
      propertyPath: m_LocalEulerAnglesHint.z
      value: 0
      objectReference: {fileID: 0}
    m_RemovedComponents: []
  m_SourcePrefab: {fileID: 100100000, guid: bd7dac146a034144fb4a57250777c4d9, type: 3}
--- !u!4 &6017350128914517570 stripped
Transform:
  m_CorrespondingSourceObject: {fileID: 4461402307424116, guid: bd7dac146a034144fb4a57250777c4d9, type: 3}
  m_PrefabInstance: {fileID: 6020808647395909942}
  m_PrefabAsset: {fileID: 0}
--- !u!1001 &6052689740946553432
PrefabInstance:
  m_ObjectHideFlags: 0
  serializedVersion: 2
  m_Modification:
    m_TransformParent: {fileID: 8184030481766013184}
    m_Modifications:
    - target: {fileID: -8679921383154817045, guid: b34134b9b3c78554cb2f34df01ca2c01, type: 3}
      propertyPath: m_RootOrder
      value: 15
      objectReference: {fileID: 0}
    - target: {fileID: -8679921383154817045, guid: b34134b9b3c78554cb2f34df01ca2c01, type: 3}
      propertyPath: m_LocalPosition.x
      value: -0.79
      objectReference: {fileID: 0}
    - target: {fileID: -8679921383154817045, guid: b34134b9b3c78554cb2f34df01ca2c01, type: 3}
      propertyPath: m_LocalPosition.y
      value: -1.085
      objectReference: {fileID: 0}
    - target: {fileID: -8679921383154817045, guid: b34134b9b3c78554cb2f34df01ca2c01, type: 3}
      propertyPath: m_LocalPosition.z
      value: 0.256
      objectReference: {fileID: 0}
    - target: {fileID: -8679921383154817045, guid: b34134b9b3c78554cb2f34df01ca2c01, type: 3}
      propertyPath: m_LocalRotation.w
      value: 0.49669558
      objectReference: {fileID: 0}
    - target: {fileID: -8679921383154817045, guid: b34134b9b3c78554cb2f34df01ca2c01, type: 3}
      propertyPath: m_LocalRotation.x
      value: 0.5032828
      objectReference: {fileID: 0}
    - target: {fileID: -8679921383154817045, guid: b34134b9b3c78554cb2f34df01ca2c01, type: 3}
      propertyPath: m_LocalRotation.y
      value: 0.5032828
      objectReference: {fileID: 0}
    - target: {fileID: -8679921383154817045, guid: b34134b9b3c78554cb2f34df01ca2c01, type: 3}
      propertyPath: m_LocalRotation.z
      value: 0.49669558
      objectReference: {fileID: 0}
    - target: {fileID: -8679921383154817045, guid: b34134b9b3c78554cb2f34df01ca2c01, type: 3}
      propertyPath: m_LocalEulerAnglesHint.x
      value: 0
      objectReference: {fileID: 0}
    - target: {fileID: -8679921383154817045, guid: b34134b9b3c78554cb2f34df01ca2c01, type: 3}
      propertyPath: m_LocalEulerAnglesHint.y
      value: 90.755
      objectReference: {fileID: 0}
    - target: {fileID: -8679921383154817045, guid: b34134b9b3c78554cb2f34df01ca2c01, type: 3}
      propertyPath: m_LocalEulerAnglesHint.z
      value: 90
      objectReference: {fileID: 0}
    - target: {fileID: 919132149155446097, guid: b34134b9b3c78554cb2f34df01ca2c01, type: 3}
      propertyPath: m_Name
      value: mobile box (2)
      objectReference: {fileID: 0}
    m_RemovedComponents: []
  m_SourcePrefab: {fileID: 100100000, guid: b34134b9b3c78554cb2f34df01ca2c01, type: 3}
--- !u!4 &6085981840868924851 stripped
Transform:
  m_CorrespondingSourceObject: {fileID: -8679921383154817045, guid: b34134b9b3c78554cb2f34df01ca2c01, type: 3}
  m_PrefabInstance: {fileID: 6052689740946553432}
  m_PrefabAsset: {fileID: 0}
--- !u!1001 &6428446310350108980
PrefabInstance:
  m_ObjectHideFlags: 0
  serializedVersion: 2
  m_Modification:
    m_TransformParent: {fileID: 8184030481766013184}
    m_Modifications:
    - target: {fileID: -8679921383154817045, guid: b34134b9b3c78554cb2f34df01ca2c01, type: 3}
      propertyPath: m_RootOrder
      value: 17
      objectReference: {fileID: 0}
    - target: {fileID: -8679921383154817045, guid: b34134b9b3c78554cb2f34df01ca2c01, type: 3}
      propertyPath: m_LocalPosition.x
      value: -0.10399997
      objectReference: {fileID: 0}
    - target: {fileID: -8679921383154817045, guid: b34134b9b3c78554cb2f34df01ca2c01, type: 3}
      propertyPath: m_LocalPosition.y
      value: -1.085
      objectReference: {fileID: 0}
    - target: {fileID: -8679921383154817045, guid: b34134b9b3c78554cb2f34df01ca2c01, type: 3}
      propertyPath: m_LocalPosition.z
      value: 0.256
      objectReference: {fileID: 0}
    - target: {fileID: -8679921383154817045, guid: b34134b9b3c78554cb2f34df01ca2c01, type: 3}
      propertyPath: m_LocalRotation.w
      value: 0.49669558
      objectReference: {fileID: 0}
    - target: {fileID: -8679921383154817045, guid: b34134b9b3c78554cb2f34df01ca2c01, type: 3}
      propertyPath: m_LocalRotation.x
      value: 0.5032828
      objectReference: {fileID: 0}
    - target: {fileID: -8679921383154817045, guid: b34134b9b3c78554cb2f34df01ca2c01, type: 3}
      propertyPath: m_LocalRotation.y
      value: 0.5032828
      objectReference: {fileID: 0}
    - target: {fileID: -8679921383154817045, guid: b34134b9b3c78554cb2f34df01ca2c01, type: 3}
      propertyPath: m_LocalRotation.z
      value: 0.49669558
      objectReference: {fileID: 0}
    - target: {fileID: -8679921383154817045, guid: b34134b9b3c78554cb2f34df01ca2c01, type: 3}
      propertyPath: m_LocalEulerAnglesHint.x
      value: 0
      objectReference: {fileID: 0}
    - target: {fileID: -8679921383154817045, guid: b34134b9b3c78554cb2f34df01ca2c01, type: 3}
      propertyPath: m_LocalEulerAnglesHint.y
      value: 90.755
      objectReference: {fileID: 0}
    - target: {fileID: -8679921383154817045, guid: b34134b9b3c78554cb2f34df01ca2c01, type: 3}
      propertyPath: m_LocalEulerAnglesHint.z
      value: 90
      objectReference: {fileID: 0}
    - target: {fileID: 919132149155446097, guid: b34134b9b3c78554cb2f34df01ca2c01, type: 3}
      propertyPath: m_Name
      value: mobile box (4)
      objectReference: {fileID: 0}
    m_RemovedComponents: []
  m_SourcePrefab: {fileID: 100100000, guid: b34134b9b3c78554cb2f34df01ca2c01, type: 3}
--- !u!4 &6826564924696420063 stripped
Transform:
  m_CorrespondingSourceObject: {fileID: -8679921383154817045, guid: b34134b9b3c78554cb2f34df01ca2c01, type: 3}
  m_PrefabInstance: {fileID: 6428446310350108980}
  m_PrefabAsset: {fileID: 0}
--- !u!1001 &6492251540472001445
PrefabInstance:
  m_ObjectHideFlags: 0
  serializedVersion: 2
  m_Modification:
    m_TransformParent: {fileID: 8184030481766013184}
    m_Modifications:
    - target: {fileID: 1092883800961010, guid: bd7dac146a034144fb4a57250777c4d9, type: 3}
      propertyPath: m_Name
      value: CellPhone (10)
      objectReference: {fileID: 0}
    - target: {fileID: 4461402307424116, guid: bd7dac146a034144fb4a57250777c4d9, type: 3}
      propertyPath: m_RootOrder
      value: 11
      objectReference: {fileID: 0}
    - target: {fileID: 4461402307424116, guid: bd7dac146a034144fb4a57250777c4d9, type: 3}
      propertyPath: m_LocalScale.x
      value: 3.5
      objectReference: {fileID: 0}
    - target: {fileID: 4461402307424116, guid: bd7dac146a034144fb4a57250777c4d9, type: 3}
      propertyPath: m_LocalScale.y
      value: 3.5
      objectReference: {fileID: 0}
    - target: {fileID: 4461402307424116, guid: bd7dac146a034144fb4a57250777c4d9, type: 3}
      propertyPath: m_LocalScale.z
      value: 3.5
      objectReference: {fileID: 0}
    - target: {fileID: 4461402307424116, guid: bd7dac146a034144fb4a57250777c4d9, type: 3}
      propertyPath: m_LocalPosition.x
      value: 0.23900002
      objectReference: {fileID: 0}
    - target: {fileID: 4461402307424116, guid: bd7dac146a034144fb4a57250777c4d9, type: 3}
      propertyPath: m_LocalPosition.y
      value: 0.575
      objectReference: {fileID: 0}
    - target: {fileID: 4461402307424116, guid: bd7dac146a034144fb4a57250777c4d9, type: 3}
      propertyPath: m_LocalPosition.z
      value: 0.353
      objectReference: {fileID: 0}
    - target: {fileID: 4461402307424116, guid: bd7dac146a034144fb4a57250777c4d9, type: 3}
      propertyPath: m_LocalRotation.w
      value: 0.9614626
      objectReference: {fileID: 0}
    - target: {fileID: 4461402307424116, guid: bd7dac146a034144fb4a57250777c4d9, type: 3}
      propertyPath: m_LocalRotation.x
      value: -0.2749357
      objectReference: {fileID: 0}
    - target: {fileID: 4461402307424116, guid: bd7dac146a034144fb4a57250777c4d9, type: 3}
      propertyPath: m_LocalRotation.y
      value: -0
      objectReference: {fileID: 0}
    - target: {fileID: 4461402307424116, guid: bd7dac146a034144fb4a57250777c4d9, type: 3}
      propertyPath: m_LocalRotation.z
      value: -0
      objectReference: {fileID: 0}
    - target: {fileID: 4461402307424116, guid: bd7dac146a034144fb4a57250777c4d9, type: 3}
      propertyPath: m_LocalEulerAnglesHint.x
      value: -31.916
      objectReference: {fileID: 0}
    - target: {fileID: 4461402307424116, guid: bd7dac146a034144fb4a57250777c4d9, type: 3}
      propertyPath: m_LocalEulerAnglesHint.y
      value: 0
      objectReference: {fileID: 0}
    - target: {fileID: 4461402307424116, guid: bd7dac146a034144fb4a57250777c4d9, type: 3}
      propertyPath: m_LocalEulerAnglesHint.z
      value: 0
      objectReference: {fileID: 0}
    m_RemovedComponents: []
  m_SourcePrefab: {fileID: 100100000, guid: bd7dac146a034144fb4a57250777c4d9, type: 3}
--- !u!4 &6491593615229000913 stripped
Transform:
  m_CorrespondingSourceObject: {fileID: 4461402307424116, guid: bd7dac146a034144fb4a57250777c4d9, type: 3}
  m_PrefabInstance: {fileID: 6492251540472001445}
  m_PrefabAsset: {fileID: 0}
--- !u!1001 &7022126952497749537
PrefabInstance:
  m_ObjectHideFlags: 0
  serializedVersion: 2
  m_Modification:
    m_TransformParent: {fileID: 8184030481766013184}
    m_Modifications:
    - target: {fileID: 1092883800961010, guid: bd7dac146a034144fb4a57250777c4d9, type: 3}
      propertyPath: m_Name
      value: CellPhone (6)
      objectReference: {fileID: 0}
    - target: {fileID: 4461402307424116, guid: bd7dac146a034144fb4a57250777c4d9, type: 3}
      propertyPath: m_RootOrder
      value: 7
      objectReference: {fileID: 0}
    - target: {fileID: 4461402307424116, guid: bd7dac146a034144fb4a57250777c4d9, type: 3}
      propertyPath: m_LocalScale.x
      value: 3.5
      objectReference: {fileID: 0}
    - target: {fileID: 4461402307424116, guid: bd7dac146a034144fb4a57250777c4d9, type: 3}
      propertyPath: m_LocalScale.y
      value: 3.5
      objectReference: {fileID: 0}
    - target: {fileID: 4461402307424116, guid: bd7dac146a034144fb4a57250777c4d9, type: 3}
      propertyPath: m_LocalScale.z
      value: 3.5
      objectReference: {fileID: 0}
    - target: {fileID: 4461402307424116, guid: bd7dac146a034144fb4a57250777c4d9, type: 3}
      propertyPath: m_LocalPosition.x
      value: 0.23900002
      objectReference: {fileID: 0}
    - target: {fileID: 4461402307424116, guid: bd7dac146a034144fb4a57250777c4d9, type: 3}
      propertyPath: m_LocalPosition.y
      value: 1.333
      objectReference: {fileID: 0}
    - target: {fileID: 4461402307424116, guid: bd7dac146a034144fb4a57250777c4d9, type: 3}
      propertyPath: m_LocalPosition.z
      value: 0.353
      objectReference: {fileID: 0}
    - target: {fileID: 4461402307424116, guid: bd7dac146a034144fb4a57250777c4d9, type: 3}
      propertyPath: m_LocalRotation.w
      value: 0.9614626
      objectReference: {fileID: 0}
    - target: {fileID: 4461402307424116, guid: bd7dac146a034144fb4a57250777c4d9, type: 3}
      propertyPath: m_LocalRotation.x
      value: -0.2749357
      objectReference: {fileID: 0}
    - target: {fileID: 4461402307424116, guid: bd7dac146a034144fb4a57250777c4d9, type: 3}
      propertyPath: m_LocalRotation.y
      value: -0
      objectReference: {fileID: 0}
    - target: {fileID: 4461402307424116, guid: bd7dac146a034144fb4a57250777c4d9, type: 3}
      propertyPath: m_LocalRotation.z
      value: -0
      objectReference: {fileID: 0}
    - target: {fileID: 4461402307424116, guid: bd7dac146a034144fb4a57250777c4d9, type: 3}
      propertyPath: m_LocalEulerAnglesHint.x
      value: -31.916
      objectReference: {fileID: 0}
    - target: {fileID: 4461402307424116, guid: bd7dac146a034144fb4a57250777c4d9, type: 3}
      propertyPath: m_LocalEulerAnglesHint.y
      value: 0
      objectReference: {fileID: 0}
    - target: {fileID: 4461402307424116, guid: bd7dac146a034144fb4a57250777c4d9, type: 3}
      propertyPath: m_LocalEulerAnglesHint.z
      value: 0
      objectReference: {fileID: 0}
    m_RemovedComponents: []
  m_SourcePrefab: {fileID: 100100000, guid: bd7dac146a034144fb4a57250777c4d9, type: 3}
--- !u!4 &7024563035761602901 stripped
Transform:
  m_CorrespondingSourceObject: {fileID: 4461402307424116, guid: bd7dac146a034144fb4a57250777c4d9, type: 3}
  m_PrefabInstance: {fileID: 7022126952497749537}
  m_PrefabAsset: {fileID: 0}
--- !u!1001 &7469822481824103875
PrefabInstance:
  m_ObjectHideFlags: 0
  serializedVersion: 2
  m_Modification:
    m_TransformParent: {fileID: 8184030481766013184}
    m_Modifications:
    - target: {fileID: 1092883800961010, guid: bd7dac146a034144fb4a57250777c4d9, type: 3}
      propertyPath: m_Name
      value: CellPhone (3)
      objectReference: {fileID: 0}
    - target: {fileID: 4461402307424116, guid: bd7dac146a034144fb4a57250777c4d9, type: 3}
      propertyPath: m_RootOrder
      value: 4
      objectReference: {fileID: 0}
    - target: {fileID: 4461402307424116, guid: bd7dac146a034144fb4a57250777c4d9, type: 3}
      propertyPath: m_LocalScale.x
      value: 3.5
      objectReference: {fileID: 0}
    - target: {fileID: 4461402307424116, guid: bd7dac146a034144fb4a57250777c4d9, type: 3}
      propertyPath: m_LocalScale.y
      value: 3.5
      objectReference: {fileID: 0}
    - target: {fileID: 4461402307424116, guid: bd7dac146a034144fb4a57250777c4d9, type: 3}
      propertyPath: m_LocalScale.z
      value: 3.5
      objectReference: {fileID: 0}
    - target: {fileID: 4461402307424116, guid: bd7dac146a034144fb4a57250777c4d9, type: 3}
      propertyPath: m_LocalPosition.x
      value: -0.219
      objectReference: {fileID: 0}
    - target: {fileID: 4461402307424116, guid: bd7dac146a034144fb4a57250777c4d9, type: 3}
      propertyPath: m_LocalPosition.y
      value: -0.202
      objectReference: {fileID: 0}
    - target: {fileID: 4461402307424116, guid: bd7dac146a034144fb4a57250777c4d9, type: 3}
      propertyPath: m_LocalPosition.z
      value: 0.353
      objectReference: {fileID: 0}
    - target: {fileID: 4461402307424116, guid: bd7dac146a034144fb4a57250777c4d9, type: 3}
      propertyPath: m_LocalRotation.w
      value: 0.9614626
      objectReference: {fileID: 0}
    - target: {fileID: 4461402307424116, guid: bd7dac146a034144fb4a57250777c4d9, type: 3}
      propertyPath: m_LocalRotation.x
      value: -0.2749357
      objectReference: {fileID: 0}
    - target: {fileID: 4461402307424116, guid: bd7dac146a034144fb4a57250777c4d9, type: 3}
      propertyPath: m_LocalRotation.y
      value: -0
      objectReference: {fileID: 0}
    - target: {fileID: 4461402307424116, guid: bd7dac146a034144fb4a57250777c4d9, type: 3}
      propertyPath: m_LocalRotation.z
      value: -0
      objectReference: {fileID: 0}
    - target: {fileID: 4461402307424116, guid: bd7dac146a034144fb4a57250777c4d9, type: 3}
      propertyPath: m_LocalEulerAnglesHint.x
      value: -31.916
      objectReference: {fileID: 0}
    - target: {fileID: 4461402307424116, guid: bd7dac146a034144fb4a57250777c4d9, type: 3}
      propertyPath: m_LocalEulerAnglesHint.y
      value: 0
      objectReference: {fileID: 0}
    - target: {fileID: 4461402307424116, guid: bd7dac146a034144fb4a57250777c4d9, type: 3}
      propertyPath: m_LocalEulerAnglesHint.z
      value: 0
      objectReference: {fileID: 0}
    m_RemovedComponents: []
  m_SourcePrefab: {fileID: 100100000, guid: bd7dac146a034144fb4a57250777c4d9, type: 3}
--- !u!4 &7468650878558393015 stripped
Transform:
  m_CorrespondingSourceObject: {fileID: 4461402307424116, guid: bd7dac146a034144fb4a57250777c4d9, type: 3}
  m_PrefabInstance: {fileID: 7469822481824103875}
  m_PrefabAsset: {fileID: 0}
--- !u!1001 &7700771924165735944
PrefabInstance:
  m_ObjectHideFlags: 0
  serializedVersion: 2
  m_Modification:
    m_TransformParent: {fileID: 8184030481766013184}
    m_Modifications:
    - target: {fileID: 1092883800961010, guid: bd7dac146a034144fb4a57250777c4d9, type: 3}
      propertyPath: m_Name
      value: CellPhone (8)
      objectReference: {fileID: 0}
    - target: {fileID: 4461402307424116, guid: bd7dac146a034144fb4a57250777c4d9, type: 3}
      propertyPath: m_RootOrder
      value: 9
      objectReference: {fileID: 0}
    - target: {fileID: 4461402307424116, guid: bd7dac146a034144fb4a57250777c4d9, type: 3}
      propertyPath: m_LocalScale.x
      value: 3.5
      objectReference: {fileID: 0}
    - target: {fileID: 4461402307424116, guid: bd7dac146a034144fb4a57250777c4d9, type: 3}
      propertyPath: m_LocalScale.y
      value: 3.5
      objectReference: {fileID: 0}
    - target: {fileID: 4461402307424116, guid: bd7dac146a034144fb4a57250777c4d9, type: 3}
      propertyPath: m_LocalScale.z
      value: 3.5
      objectReference: {fileID: 0}
    - target: {fileID: 4461402307424116, guid: bd7dac146a034144fb4a57250777c4d9, type: 3}
      propertyPath: m_LocalPosition.x
      value: 0.739
      objectReference: {fileID: 0}
    - target: {fileID: 4461402307424116, guid: bd7dac146a034144fb4a57250777c4d9, type: 3}
      propertyPath: m_LocalPosition.y
      value: 0.575
      objectReference: {fileID: 0}
    - target: {fileID: 4461402307424116, guid: bd7dac146a034144fb4a57250777c4d9, type: 3}
      propertyPath: m_LocalPosition.z
      value: 0.353
      objectReference: {fileID: 0}
    - target: {fileID: 4461402307424116, guid: bd7dac146a034144fb4a57250777c4d9, type: 3}
      propertyPath: m_LocalRotation.w
      value: 0.9614626
      objectReference: {fileID: 0}
    - target: {fileID: 4461402307424116, guid: bd7dac146a034144fb4a57250777c4d9, type: 3}
      propertyPath: m_LocalRotation.x
      value: -0.2749357
      objectReference: {fileID: 0}
    - target: {fileID: 4461402307424116, guid: bd7dac146a034144fb4a57250777c4d9, type: 3}
      propertyPath: m_LocalRotation.y
      value: -0
      objectReference: {fileID: 0}
    - target: {fileID: 4461402307424116, guid: bd7dac146a034144fb4a57250777c4d9, type: 3}
      propertyPath: m_LocalRotation.z
      value: -0
      objectReference: {fileID: 0}
    - target: {fileID: 4461402307424116, guid: bd7dac146a034144fb4a57250777c4d9, type: 3}
      propertyPath: m_LocalEulerAnglesHint.x
      value: -31.916
      objectReference: {fileID: 0}
    - target: {fileID: 4461402307424116, guid: bd7dac146a034144fb4a57250777c4d9, type: 3}
      propertyPath: m_LocalEulerAnglesHint.y
      value: 0
      objectReference: {fileID: 0}
    - target: {fileID: 4461402307424116, guid: bd7dac146a034144fb4a57250777c4d9, type: 3}
      propertyPath: m_LocalEulerAnglesHint.z
      value: 0
      objectReference: {fileID: 0}
    m_RemovedComponents: []
  m_SourcePrefab: {fileID: 100100000, guid: bd7dac146a034144fb4a57250777c4d9, type: 3}
--- !u!4 &7697068326006610300 stripped
Transform:
  m_CorrespondingSourceObject: {fileID: 4461402307424116, guid: bd7dac146a034144fb4a57250777c4d9, type: 3}
  m_PrefabInstance: {fileID: 7700771924165735944}
  m_PrefabAsset: {fileID: 0}
--- !u!1001 &7783488045163965783
PrefabInstance:
  m_ObjectHideFlags: 0
  serializedVersion: 2
  m_Modification:
    m_TransformParent: {fileID: 8184030481766013184}
    m_Modifications:
    - target: {fileID: 1092883800961010, guid: bd7dac146a034144fb4a57250777c4d9, type: 3}
      propertyPath: m_Name
      value: CellPhone (5)
      objectReference: {fileID: 0}
    - target: {fileID: 4461402307424116, guid: bd7dac146a034144fb4a57250777c4d9, type: 3}
      propertyPath: m_RootOrder
      value: 6
      objectReference: {fileID: 0}
    - target: {fileID: 4461402307424116, guid: bd7dac146a034144fb4a57250777c4d9, type: 3}
      propertyPath: m_LocalScale.x
      value: 3.5
      objectReference: {fileID: 0}
    - target: {fileID: 4461402307424116, guid: bd7dac146a034144fb4a57250777c4d9, type: 3}
      propertyPath: m_LocalScale.y
      value: 3.5
      objectReference: {fileID: 0}
    - target: {fileID: 4461402307424116, guid: bd7dac146a034144fb4a57250777c4d9, type: 3}
      propertyPath: m_LocalScale.z
      value: 3.5
      objectReference: {fileID: 0}
    - target: {fileID: 4461402307424116, guid: bd7dac146a034144fb4a57250777c4d9, type: 3}
      propertyPath: m_LocalPosition.x
      value: -0.701
      objectReference: {fileID: 0}
    - target: {fileID: 4461402307424116, guid: bd7dac146a034144fb4a57250777c4d9, type: 3}
      propertyPath: m_LocalPosition.y
      value: 1.333
      objectReference: {fileID: 0}
    - target: {fileID: 4461402307424116, guid: bd7dac146a034144fb4a57250777c4d9, type: 3}
      propertyPath: m_LocalPosition.z
      value: 0.353
      objectReference: {fileID: 0}
    - target: {fileID: 4461402307424116, guid: bd7dac146a034144fb4a57250777c4d9, type: 3}
      propertyPath: m_LocalRotation.w
      value: 0.9614626
      objectReference: {fileID: 0}
    - target: {fileID: 4461402307424116, guid: bd7dac146a034144fb4a57250777c4d9, type: 3}
      propertyPath: m_LocalRotation.x
      value: -0.2749357
      objectReference: {fileID: 0}
    - target: {fileID: 4461402307424116, guid: bd7dac146a034144fb4a57250777c4d9, type: 3}
      propertyPath: m_LocalRotation.y
      value: -0
      objectReference: {fileID: 0}
    - target: {fileID: 4461402307424116, guid: bd7dac146a034144fb4a57250777c4d9, type: 3}
      propertyPath: m_LocalRotation.z
      value: -0
      objectReference: {fileID: 0}
    - target: {fileID: 4461402307424116, guid: bd7dac146a034144fb4a57250777c4d9, type: 3}
      propertyPath: m_LocalEulerAnglesHint.x
      value: -31.916
      objectReference: {fileID: 0}
    - target: {fileID: 4461402307424116, guid: bd7dac146a034144fb4a57250777c4d9, type: 3}
      propertyPath: m_LocalEulerAnglesHint.y
      value: 0
      objectReference: {fileID: 0}
    - target: {fileID: 4461402307424116, guid: bd7dac146a034144fb4a57250777c4d9, type: 3}
      propertyPath: m_LocalEulerAnglesHint.z
      value: 0
      objectReference: {fileID: 0}
    m_RemovedComponents: []
  m_SourcePrefab: {fileID: 100100000, guid: bd7dac146a034144fb4a57250777c4d9, type: 3}
--- !u!4 &7785413946504413731 stripped
Transform:
  m_CorrespondingSourceObject: {fileID: 4461402307424116, guid: bd7dac146a034144fb4a57250777c4d9, type: 3}
  m_PrefabInstance: {fileID: 7783488045163965783}
  m_PrefabAsset: {fileID: 0}
