%YAML 1.1
%TAG !u! tag:unity3d.com,2011:
--- !u!1 &5450974367984840337
GameObject:
  m_ObjectHideFlags: 0
  m_CorrespondingSourceObject: {fileID: 0}
  m_PrefabInstance: {fileID: 0}
  m_PrefabAsset: {fileID: 0}
  serializedVersion: 6
  m_Component:
  - component: {fileID: 5450974367984840336}
  m_Layer: 12
  m_Name: GFX
  m_TagString: Untagged
  m_Icon: {fileID: 0}
  m_NavMeshLayer: 0
  m_StaticEditorFlags: 0
  m_IsActive: 1
--- !u!4 &5450974367984840336
Transform:
  m_ObjectHideFlags: 0
  m_CorrespondingSourceObject: {fileID: 0}
  m_PrefabInstance: {fileID: 0}
  m_PrefabAsset: {fileID: 0}
  m_GameObject: {fileID: 5450974367984840337}
  m_LocalRotation: {x: 0, y: 0, z: 0, w: 1}
  m_LocalPosition: {x: 0, y: 0, z: 0}
  m_LocalScale: {x: 1, y: 1, z: 1}
  m_Children:
  - {fileID: 6560455803331272412}
  m_Father: {fileID: 5450974368073919062}
  m_RootOrder: 0
  m_LocalEulerAnglesHint: {x: 0, y: 0, z: 0}
--- !u!1 &5450974368073919063
GameObject:
  m_ObjectHideFlags: 0
  m_CorrespondingSourceObject: {fileID: 0}
  m_PrefabInstance: {fileID: 0}
  m_PrefabAsset: {fileID: 0}
  serializedVersion: 6
  m_Component:
  - component: {fileID: 5450974368073919062}
  - component: {fileID: 151181041315899500}
  - component: {fileID: 7455532887513875259}
  m_Layer: 12
  m_Name: Kettle
  m_TagString: Untagged
  m_Icon: {fileID: 0}
  m_NavMeshLayer: 0
  m_StaticEditorFlags: 0
  m_IsActive: 1
--- !u!4 &5450974368073919062
Transform:
  m_ObjectHideFlags: 0
  m_CorrespondingSourceObject: {fileID: 0}
  m_PrefabInstance: {fileID: 0}
  m_PrefabAsset: {fileID: 0}
  m_GameObject: {fileID: 5450974368073919063}
  m_LocalRotation: {x: 0, y: 0, z: 0, w: 1}
  m_LocalPosition: {x: 0, y: 0, z: 0}
  m_LocalScale: {x: 1, y: 1, z: 1}
  m_Children:
  - {fileID: 5450974367984840336}
  m_Father: {fileID: 0}
  m_RootOrder: 0
  m_LocalEulerAnglesHint: {x: 0, y: 0, z: 0}
--- !u!114 &151181041315899500
MonoBehaviour:
  m_ObjectHideFlags: 0
  m_CorrespondingSourceObject: {fileID: 0}
  m_PrefabInstance: {fileID: 0}
  m_PrefabAsset: {fileID: 0}
  m_GameObject: {fileID: 5450974368073919063}
  m_Enabled: 1
  m_EditorHideFlags: 0
  m_Script: {fileID: 11500000, guid: f1f8ce9f7ce534e44bb09ad9f766df5d, type: 3}
  m_Name: 
  m_EditorClassIdentifier: 
  shop: {fileID: 0}
  ItemID: 0
  ItemHeight: 2
  EndPosition: {x: 0, y: 0, z: 0}
  moveSpeed: 30
  rotationSpeed: 40
  Rotation: 0
  isMove: 0
  isStacked: 0
  isOccupied: 0
  isPlayerCollected: 0
--- !u!65 &7455532887513875259
BoxCollider:
  m_ObjectHideFlags: 0
  m_CorrespondingSourceObject: {fileID: 0}
  m_PrefabInstance: {fileID: 0}
  m_PrefabAsset: {fileID: 0}
  m_GameObject: {fileID: 5450974368073919063}
  m_Material: {fileID: 0}
  m_IsTrigger: 0
  m_Enabled: 1
  serializedVersion: 2
  m_Size: {x: 0.54211205, y: 0.50266993, z: 0.52335286}
  m_Center: {x: 0.019636124, y: 0.24379617, z: 0}
--- !u!1001 &6665840603223865655
PrefabInstance:
  m_ObjectHideFlags: 0
  serializedVersion: 2
  m_Modification:
    m_TransformParent: {fileID: 5450974367984840336}
    m_Modifications:
    - target: {fileID: -8679921383154817045, guid: 2795c7f4ddeaca44880320905c6de768, type: 3}
      propertyPath: m_RootOrder
      value: 0
      objectReference: {fileID: 0}
    - target: {fileID: -8679921383154817045, guid: 2795c7f4ddeaca44880320905c6de768, type: 3}
      propertyPath: m_LocalScale.x
      value: 0.8274814
      objectReference: {fileID: 0}
    - target: {fileID: -8679921383154817045, guid: 2795c7f4ddeaca44880320905c6de768, type: 3}
      propertyPath: m_LocalScale.y
      value: 0.871521
      objectReference: {fileID: 0}
    - target: {fileID: -8679921383154817045, guid: 2795c7f4ddeaca44880320905c6de768, type: 3}
      propertyPath: m_LocalScale.z
      value: 0.74172
      objectReference: {fileID: 0}
    - target: {fileID: -8679921383154817045, guid: 2795c7f4ddeaca44880320905c6de768, type: 3}
      propertyPath: m_LocalPosition.x
      value: -0.272
      objectReference: {fileID: 0}
    - target: {fileID: -8679921383154817045, guid: 2795c7f4ddeaca44880320905c6de768, type: 3}
      propertyPath: m_LocalPosition.y
      value: 0.23707
      objectReference: {fileID: 0}
    - target: {fileID: -8679921383154817045, guid: 2795c7f4ddeaca44880320905c6de768, type: 3}
      propertyPath: m_LocalPosition.z
      value: 0.000000015395003
      objectReference: {fileID: 0}
    - target: {fileID: -8679921383154817045, guid: 2795c7f4ddeaca44880320905c6de768, type: 3}
      propertyPath: m_LocalRotation.w
      value: 0.7071068
      objectReference: {fileID: 0}
    - target: {fileID: -8679921383154817045, guid: 2795c7f4ddeaca44880320905c6de768, type: 3}
      propertyPath: m_LocalRotation.x
      value: 0
      objectReference: {fileID: 0}
    - target: {fileID: -8679921383154817045, guid: 2795c7f4ddeaca44880320905c6de768, type: 3}
      propertyPath: m_LocalRotation.y
      value: 0
      objectReference: {fileID: 0}
    - target: {fileID: -8679921383154817045, guid: 2795c7f4ddeaca44880320905c6de768, type: 3}
      propertyPath: m_LocalRotation.z
      value: -0.7071068
      objectReference: {fileID: 0}
    - target: {fileID: -8679921383154817045, guid: 2795c7f4ddeaca44880320905c6de768, type: 3}
      propertyPath: m_LocalEulerAnglesHint.x
      value: 0
      objectReference: {fileID: 0}
    - target: {fileID: -8679921383154817045, guid: 2795c7f4ddeaca44880320905c6de768, type: 3}
      propertyPath: m_LocalEulerAnglesHint.y
      value: 0
      objectReference: {fileID: 0}
    - target: {fileID: -8679921383154817045, guid: 2795c7f4ddeaca44880320905c6de768, type: 3}
      propertyPath: m_LocalEulerAnglesHint.z
      value: -90
      objectReference: {fileID: 0}
    - target: {fileID: 919132149155446097, guid: 2795c7f4ddeaca44880320905c6de768, type: 3}
      propertyPath: m_Name
      value: kettle box
      objectReference: {fileID: 0}
    - target: {fileID: 919132149155446097, guid: 2795c7f4ddeaca44880320905c6de768, type: 3}
      propertyPath: m_Layer
      value: 12
      objectReference: {fileID: 0}
    m_RemovedComponents: []
  m_SourcePrefab: {fileID: 100100000, guid: 2795c7f4ddeaca44880320905c6de768, type: 3}
--- !u!4 &6560455803331272412 stripped
Transform:
  m_CorrespondingSourceObject: {fileID: -8679921383154817045, guid: 2795c7f4ddeaca44880320905c6de768, type: 3}
  m_PrefabInstance: {fileID: 6665840603223865655}
  m_PrefabAsset: {fileID: 0}
